1788 3209
69 342 155 385 Pag.
181 352 256 387 199.
283 348 366 376 text.
389 339 415 374 1.
440 350 468 373 1.
493 349 557 382 pro
581 335 710 374 ἐπιδεῖς
729 337 800 381 leg.
822 335 969 375 ἐπιθείς.

70 399 161 432 Ead.
184 398 273 432 ibid.
294 400 319 432 l.
335 409 368 442 9.
390 408 454 441 pro
482 394 649 429 ἔπάντουν
673 396 744 437 leg.
767 395 928 430 ἐπάτουν.

71 456 155 500 Pag.
180 467 261 490 200.
283 464 365 491 text.
390 456 415 489 l.
435 453 467 487 8.
492 461 570 496 post
592 451 772 492 διδαχθεὶς
796 464 935 486 comma
958 451 1044 495 poni
1065 450 1164 496 jubet
1181 451 1363 486 Fritzsch.
1386 452 1411 487 1.
1428 453 1457 486 l.

348 523 382 556 p.
413 521 489 555 192.

72 568 160 602 Ead.
187 567 275 601 ibid.
297 568 324 603 l.
349 579 400 600 1ο.
424 579 487 611 pro
513 563 598 612 ὁρῷν
622 567 692 608 leg.
717 562 816 611 ὁρῶν.

74 625 161 668 Pag.
180 628 255 660 204.
279 626 378 659 Varr.
401 626 512 658 Lectt.
537 624 564 656 I.
592 623 642 657 13.
666 635 731 667 pro
756 620 985 663 ἀναίσχυντον
1007 621 1081 664 Ieg.
1107 620 1341 664 ἀναίσχυντον.

76 683 160 727 Pag.
179 682 260 717 205.
286 691 367 716 text.
389 683 413 716 l.
437 682 574 724 penult.
597 688 675 725 post
698 674 859 724 Ιᾢζθὸμην
883 690 1023 711 comma
1049 681 1131 723 poni
1151 678 1254 723 jubet
1277 682 1458 715 Fritzscla.

351 740 377 774 l.
405 740 438 780 l..
465 751 499 781 p.
522 738 597 781 159.

74 795 165 834 End.
189 797 291 831 Varr.
316 796 428 827 Lectt.
452 795 477 827 1.
499 804 550 829 10.
577 806 640 838 pro
667 793 885 827 alterutrum
910 791 980 834 leg.
1009 791 1241 829 alterutram.

75 852 160 895 Pag.
184 864 263 897 209.
289 861 373 885 text.
402 852 426 884 l.
453 852 507 889 14.
533 864 596 895 pro
622 848 808 895 εἷςκόμιζον
829 851 897 893 leg.
923 848 1142 893 εἶςεκὸμιζον.

73 911 157 952 Pag.
180 920 256 944 210.
285 909 384 944 Varr.
406 909 515 944 Lectt.
540 910 566 940 1.
585 908 618 941 8.
648 920 711 953 pro
736 909 776 941 in
799 908 870 948 leg.
897 907 948 938 in.
972 907 1163 950 (ineunte).

75 966 161 1009 Pag.
179 978 257 1002 211,
284 966 383 1001 Varr.
412 965 524 1000 Lectt.
551 965 575 1000 l.
601 976 653 998 11.
677 976 740 1008 pro
765 967 929 1009 φορρἐῖας
949 964 1020 1005 leg.
1046 962 1221 1008 φορβειᾶς.

75 1022 160 1065 Pag.
175 1033 253 1055 212.
277 1031 359 1056 text.
387 1023 412 1056 l.
434 1033 466 1058 2.
493 1035 557 1065 pro
582 1020 733 1065 συνήθος
755 1022 826 1063 leg.
852 1019 1039 1063 συνήθους.

77 1079 162 1123 Pag.
180 1080 258 1113 214.
282 1081 381 1114 Varr.
407 1079 520 1112 Lecu.
546 1080 572 1114 1.
591 1079 624 1113 5.
660 1086 740 1122 post
766 1078 906 1122 patavi
937 1079 1069 1112 insere:
1103 1074 1237 1109 Antea
1267 1075 1464 1122 legabatur

349 1137 408 1168 καὶ
430 1133 579 1169 πάντων.

74 1192 160 1235 Pag.
183 1191 257 1228 215.
283 1192 383 1227 Vax-r.
409 1192 520 1225 Lectt.
548 1193 573 1226 1.
591 1191 622 1226 6.
650 1202 715 1235 pro
741 1185 843 1234 ἄηται
865 1193 934 1234 leg,
960 1189 1112 1232 ἇ-ηται.

75 1248 161 1291 Pag.
182 1250 259 1284 216.
285 1257 373 1284 text;
396 1249 421 1283 l.
442 1260 492 1283 11.
520 1261 584 1292 pro
608 1249 819 1293 ἐπαλείφαοα
848 1250 918 1291 leg.
942 1249 1169 1292 ἐπαλείψασα.

75 1305 167 1340 Ead.
190 1305 292 1341 Varr.
319 1305 431 1341 Lectt.
454 1304 479 1337 l.
497 1305 533 1341 4.
559 1317 625 1349 pro
651 1306 756 1338 ἕνθον
780 1306 849 1347 leg.
875 1305 980 1340 ἔνδον.

76 1361 162 1405 Pag.
182 1364 261 1397 218.
287 1362 384 1397 Varr.
412 1362 521 1396 Lectt.
549 1363 575 1398 1.
599 1363 650 1396 15.
673 1374 736 1405 pro
753 1360 867 1408 ‘12an
893 1364 963 1406 leg.
979 1360 1128 1406 ι’.(2ςπε9.

77 1419 162 1462 Pag.
181 1430 259 1452 222.
283 1427 368 1453 text.
395 1420 419 1455 1.
446 1420 583 1463 penult.
609 1430 672 1462 Pro
697 1419 943 1464 ἔπικλωσμένην
965 1420 1035 1462 leg.
1062 1419 1207 1452 ἔπικεκλ.

77 1476 165 1511 Ead.
193 1476 292 1509 Varr.
315 1476 423 1511 Lectt.
449 1478 475 1511 l.
495 1476 528 1509 4.
554 1488 617 1520 pro
640 1476 796 1519 Equam..
821 1476 891 1518 leg,
915 1477 1071 1522 Εἶιιιαρμι,

77 1531 163 1576 Pag.
187 1532 265 1567 225.
302 1540 383 1566 text.
408 1534 431 1568 1.
453 1533 487 1568 ὃ.
521 1545 586 1576 pro
610 1530 752 1574 ᾄδουσιν
775 1533 1004 1567 scribendum
1032 1540 1151 1566 censet
1173 1531 1357 1568 Fritzsch‚
1384 1532 1412 1565 1.
1436 1532 1462 1566 l.

354 1602 390 1634 p.
412 1591 488 1625 204.
522 1589 661 1632 ᾄδωσιν.

77 1649 162 1692 Pag.
183 1646 263 1682 225.
285 1654 368 1682 text.
393 1647 419 1682 l.
445 1657 478 1681 1.
507 1642 613 1684 αὐτὸς
634 1649 698 1688 μὲν
723 1644 787 1688 τὴν
813 1647 918 1680 etiam
942 1645 1152 1680 Frz'tzsclzio
1174 1645 1308 1691 placuit
1329 1646 1355 1678 1.
1380 1645 1406 1676 l.
1430 1657 1469 1688 p.

359 1715 435 1749 192.
460 1712 494 1736 et
518 1715 602 1736 mox
625 1701 815 1746 βιάσεσθαι
834 1715 898 1746 pro
923 1704 1118 1746 βιάζεσθαι.

80 1764 165 1806 Pag.
188 1762 268 1795 228.
288 1762 386 1794 Varr.
409 1763 520 1796 Lectt,
547 1762 570 1795 l.
592 1762 656 1792 ult.
680 1769 759 1803 post
780 1762 897 1805 ipsum
919 1762 998 1793 dele
1023 1769 1173 1794 comma.

80 1823 164 1863 Pag.
184 1820 262 1855 230,
291 1819 389 1853 Varr.
414 1819 524 1852 Lectt.
552 1819 576 1850 l.
601 1817 635 1849 4.
662 1829 727 1860 pro
750 1818 974 1863 pcnugczmjon
996 1820 1065 1860 leg.
1085 1813 1321 1862 μεταμελήσει.

81 1879 165 1920 Pag.
184 1877 262 1909 231.
285 1876 384 1910 Varr.
410 1876 522 1907 Lectt.
545 1875 571 1906 l.
595 1875 624 1907 5.
653 1886 716 1916 pro
741 1873 836 1919 παρὰ
859 1874 1017 1919 μάθοιιιιι
1040 1877 1112 1918 leg.
1134 1870 1433 1920 παρᾲ-μᾴθοιμι.

80 1934 167 1976 Eag.
190 1932 267 1967 254.
294 1940 378 1967 text.
406 1933 431 1967 l.
458 1943 491 1965 2.
519 1943 582 1974 pro
605 1931 746 1974 σιὸῆρας
771 1933 840 1974 leg.
867 1933 1021 1976 σιδηρᾶς.

78 1991 165 2025 Pad.
182 1990 283 2024 Varr.
307 1989 416 2021 Lectt.
442 1990 467 2023 l.
492 1988 524 2020 6.
548 2000 612 2030 pro
638 1987 918 2032 ἓγκολεισάμενος
944 1990 1011 2031 leg.
1040 1988 1132 2032 ἕγκλ,

79 2049 170 2081 Ead.
195 2048 284 2081 ibid.
307 2049 333 2079 l.
354 2058 386 2091 9.
419 2058 483 2089 pro
506 2042 747 2089 προςιὶγματος
772 2045 841 2086 leg.
862 2044 1141 2089 προςτιέγματος,

80 2106 166 2148 Pag.
190 2106 268 2148 237.
292 2105 393 2136 Varr.
417 2104 528 2134 Lectt.
553 2103 578 2133 l.
597 2102 631 2135 4.
656 2110 734 2143 post
754 2102 848 2136 Edd.
875 2105 986 2134 insere
1014 2109 1063 2134 et.

82 2162 166 2205 Pag.
186 2162 265 2194 258.
290 2161 389 2193 Varr.
416 2160 527 2192 Lectt.
554 2159 578 2189 l.
600 2157 632 2192 5.
658 2168 721 2201 pro
749 2160 862 2203 Frag.
890 2161 960 2201 leg,
992 2162 1106 2204 Trag-

85 2220 168 2261 Pag.
191 2218 271 2251 241.
295 2217 395 2251 Varr.
419 2217 529 2248 Lectt.
559 2215 583 2248 1.
607 2216 637 2249 5.
662 2222 742 2256 post
768 2209 888 2256 affixam
915 2228 1007 2259 pone
1033 2218 1227 2258 siguum„-

84 2276 169 2318 Pag.
190 2274 268 2312 245,
294 2283 378 2306 text.
402 2275 427 2305 1.
449 2284 500 2307 12.
529 2283 594 2316 pro
619 2271 766 2308 Στο·ὶ’κὸς
792 2273 861 2314 leg.
886 2270 1055 2308 Σεωῒκὸς.

84 2334 168 2374 Pag.
185 2330 266 2368 2.·6,
289 2332 393 2364 Varr.
413 2331 525 2363 Lectt.
553 2330 578 2362 l.
600 2330 631 2361 8.
656 2338 736 2373 post
760 2329 910 2362 Scholio
936 2330 1014 2363 dele
1045 2336 1195 2362 comma.

84 2389 169 2432 Pag.
189 2388 268 2424 248.
294 2389 397 2421 Vers.
421 2388 488 2419 col.
511 2396 539 2421 1.
568 2387 593 2418 l.
614 2397 646 2429 7.
677 2386 756 2418 dele
779 2388 830 2423 in,

84 2446 169 2489 Pag.
189 2444 267 2479 252.
298 2453 380 2479 text.
417 2445 441 2475 l.
473 2455 525 2478 10.
558 2440 728 2477 ante'uaz
763 2442 862 2478 οὗτοι
894 2457 1034 2477 comma
1057 2443 1152 2477 delet
1182 2443 1365 2478 Fritzsclt.
1402 2444 1473 2476 l.1.

359 2513 396 2546 p.
418 2500 475 2536 85.

84 2559 172 2593 End.
195 2560 298 2592 Varr.
322 2559 434 2592 Lectt.
466 2559 493 2590 1.
517 2559 551 2589 4.
574 2568 638 2601 pro
662 2551 714 2590 ἐπ
741 2557 810 2600 leg.
830 2559 882 2591 ἐπ.

85 2617 168 2659 Pag.
187 2616 265 2651 254.
292 2624 378 2648 text.
399 2616 426 2648 l.
442 2617 476 2648 5.
500 2625 565 2659 pro
590 2627 627 2657 γε
649 2615 832 2650 ΓνιἸΖεσΙι.
859 2616 928 2647 1.1.
948 2627 985 2659 p.
1007 2625 1082 2660 192.
1109 2616 1182 2658 legi
1204 2614 1306 2659 jubet
1328 2628 1378 2650 τε.

83 2674 172 2706 Fad
195 2673 296 2707 V.arr
317 2673 427 2706 Lectt.
456 2673 482 2706 1.
504 2673 524 2704 5
550 2679 630 2715 post
659 2674 698 2706 0.
727 2684 820 2716 poue
843 2674 1021 2715 signum,‚.

85 2730 173 2774 Pag.
192 2729 272 2766 256.
300 2738 384 2763 text.
405 2730 430 2764 l.
456 2728 490 2764 6.
516 2736 595 2773 post
615 2729 735 2775 νέκταρ
760 2742 853 2776 pone
877 2729 1162 2772 interrogationis
1183 2735 1316 2762 notam.
