1788 3209
171 269 270 315 402

398 631 1431 709 ADNOTATIONES

602 889 690 933 IN
756 889 1222 935 IMAGINES.

238 1038 243 1040 a
287 1015 398 1064 pag.
430 1024 464 1049 1.
498 1012 527 1052 l.
563 1024 598 1052 ι.
637 1012 921 1063 ΕΙᾸὌΝΕΣ)
962 1004 1128 1066 Diaiogi
1166 1014 1237 1052 isti
1275 1013 1379 1058 duo,
1428 1015 1472 1052 in
1512 995 1695 1065 quihus‘'

179 1068 403 1108 Pantheum
423 1067 652 1106 Abi—adaiae
675 1083 848 1107 uxorem
876 1071 1082 1120 describit,
1113 1070 1340 1108 doctissimi
1359 1076 1465 1108 sunt.
1494 1071 1658 1107 Bou'nnt

183 1126 446 1162 Boni-delolii
474 1123 712 1174 figmentum
744 1127 875 1176 capita
908 1139 969 1176 17.
1003 1139 1071 1167 20.
1112 1133 1154 1163 et
1184 1139 1252 1167 22.
1290 1127 1396 1164 lecta
1422 1126 1660 1174 destruent3

180 1182 279 1233 quin
309 1179 418 1217 haud
453 1181 576 1217 dubie
618 1187 660 1218 et
698 1182 784 1218 sine
815 1183 1046 1233 ambagibus
1075 1183 1321 1229 ostendent,
1363 1182 1563 1233 depictam
1592 1180 1660 1218 hic

179 1252 201 1273 a
233 1239 428 1273 Lucicmo
456 1235 722 1286 lmperatoris
755 1236 928 1274 Romani
946 1239 1233 1287 concubinam,
1265 1251 1357 1276 cum
1378 1252 1542 1275 uxorem
1565 1237 1662 1278 nul-

176 1292 253 1329 libi
287 1292 404 1328 dicat.
437 1290 683 1329 scholiastes
713 1299 846 1329 tamen
873 1307 1046 1331 uxorem
1076 1294 1177 1331 facit
1248 1293 1432 1331 Panthea
1450 1293 1549 1331 haec
1574 1292 1663 1331 eras

176 1350 426 1398 Smyrnaea,
459 1346 567 1396 (cap,
603 1361 666 1386 10.
696 1353 738 1384 et
768 1350 832 1396 2.)
860 1347 983 1386 Lucii
1012 1348 1111 1387 Veri
1135 1349 1421 1401 Imperatoris,
1450 1355 1498 1386 ut
1525 1349 1669 1399 suspi-‘

179 1416 277 1450 cor,
310 1404 462 1449 amica3
495 1403 545 1440 de
579 1417 658 1454 qua
687 1409 823 1441 tamen
854 1405 961 1456 apud
988 1407 1209 1456 scriptores
1236 1399 1347 1442 illius
1371 1405 1511 1442 aetatis
1533 1405 1662 1442 altum

177 1459 417 1505 silentium3
449 1460 524 1495 nisi
554 1460 665 1496 sorte
695 1475 742 1497 eo
773 1467 931 1510 spectet
955 1461 1371 1500 Celeris-declamatio
1388 1488 1401 1505 ,
1422 1460 1662 1512 (quaeDio-

173 1515 292 1565 nysio
326 1529 347 1551 a
380 1514 620 1566 quibusdam
647 1516 925 1566 tribuebatur)
958 1531 1034 1568 qua
1063 1515 1490 1569 Araspani'Pantheae
1511 1517 1660 1554 Xeno-

173 1571 377 1622 phonteae
408 1578 628 1608 amatorem
660 1571 876 1619 laudabat,
910 1573 1017 1624 apud
1048 1574 1249 1625 Philo-sir.
1288 1575 1383 1614 524.
1414 1578 1670 1610 memoratm

177 1627 302 1664 Celer
332 1626 438 1663 enim
470 1627 561 1675 ille,
603 1628 673 1678 qui
705 1628 943 1677 Capilolino
975 1629 1170 1666 Caninius
1215 1629 1336 1667 Celer
1365 1635 1446 1677 est,
1480 1630 1539 1667 [M.
1568 1629 1670 1670 Au-.

173 1683 325 1720 relium
361 1689 402 1719 et
440 1683 491 1722 L.
560 1681 714 1720 Verum
756 1691 864 1720 inter
905 1685 1111 1722 auditores
1139 1685 1284 1724 habuit
1317 1687 1371 1732 (c.
1410 1684 1475 1736 2.)
1503 1686 1657 1727 SOLAN.

177 1738 416 1776 Genuinum
458 1752 544 1776 esse
585 1738 656 1775 has
695 1740 892 1789 Imagines
931 1755 1152 1793 earumque
1197 1741 1438 1793 Apologiam
1475 1742 1662 1779 chciani

173 1795 307 1832 :nostri
328 1794 500 1840 foetum,
533 1793 633 1831 adeo
660 1795 871 1832 contendit
886 1796 1102 1841 Gesnerus,
1133 1803 1179 1835 ut
1207 1798 1442 1848 scripserit:
1470 1797 1514 1835 in
1528 1795 1659 1847 Epist,

174 1849 227 1887 ad
255 1851 464 1886 Ji'et'lziltm
494 1863 534 1900 p.
567 1849 716 1888 CLVI.
738 1851 857 1888 Tam.
883 1850 914 1891 Ι.
941 1853 1179 1904 „Imagines
1203 1860 1350 1899 totum,
1379 1860 1553 1904 quantus
1582 1857 1660 1899 est,

177 1907 419 1943 Luclanum
460 1906 616 1955 spirant
647 1913 688 1943 et
717 1906 959 1947 reseruntf‘
1015 1908 1106 1946 Nec
1147 1909 1264 1946 aliter
1302 1908 1485 1960 judicare
1514 1913 1661 1958 potest,

173 1962 364 2012 quitum
392 1962 498 2011 ipsas
529 1965 640 2005 (euni
671 1962 823 2012 judicio
862 1963 1034 2013 legerit,
1075 1973 1163 2001 tum
1204 1966 1391 2001 Luciam·
1427 1964 1555 2014 ipsius
1590 1963 1659 2000 in·-

173 2016 311 2054 dolem
342 2017 439 2053 satis
469 2015 616 2054 habeat
647 2018 815 2054 aliunde
847 2026 1118 2069 perspectam.
1176 2019 1456 2057 Nihilominus
1482 2020 1659 2056 Belinus

177 2073 361 2109 animum
395 2072 561 2110 induxit
593 2073 642 2109 de
673 2087 811 2110 earum
841 2074 1051 2112 authentia
1072 2076 1260 2113 dubitare
1289 2077 1331 2112 in
1360 2082 1446 2115 not.
1475 2074 1524 2112 ad
1553 2088 1661 2115 vers⁴

177 2128 526 2178 francogallicam
563 2129 681 2166 Toni.
723 2130 796 2166 111.
832 2144 872 2181 p.
919 2129 1015 2180 447.
1057 2132 1181 2183 idque
1218 2137 1460 2183 propterea,
1502 2130 1612 2182 quod
1639 2144 1662 2167 a

177 2185 364 2221 moribus
407 2185 617 2235 scriptoris
669 2185 825 2228 nostri,
877 2187 946 2237 qui
987 2187 1084 2224 alibi
1122 2189 1211 2238 plus
1252 2187 1378 2225 semel
1418 2186 1661 2224 adulationis

177 2239 478 2289 turpitudinem
511 2247 550 2277 et
588 2239 860 2279 humilitatem
901 2244 1159 2281 severissime
1199 2250 1240 2281 et
1278 2243 1512 2293 gravissime
1541 2248 1660 2279 nota-

175 2296 259 2342 Iit,
298 2296 475 2333 alienum
517 2297 765 2334 censendum
796 2297 849 2334 sit
886 2305 946 2335 tot
989 2305 1203 2350 tantasque
1233 2299 1371 2336 laudes
1406 2297 1660 2350 profundere

175 2349 220 2388 fin
258 2352 528 2389 excellentem
579 2353 778 2402 quandam
809 2374 865 2380 —-
905 2356 1179 2395 meretricem,
1256 2355 1372 2392 Idem
1418 2354 1659 2391 adulationis

176 2407 334 2443 crimen
362 2408 443 2457 ipsi
472 2410 679 2454 Luc-iatzo,
710 2415 902 2460 tanquam
934 2423 1033 2447 vero
1061 2411 1231 2458 auctori,
1259 2410 1446 2448 inserunt
1473 2411 1516 2446 la
1539 2409 1658 2445 Croze

178 2468 222 2498 et
250 2462 427 2498 Solamzs
455 2463 496 2498 in
531 2470 613 2499 not.
645 2464 707 2500 ad.
736 2478 769 2503 e.
811 2478 870 2502 io.
901 2464 1047 2503 haruin
1088 2468 1235 2517 Imagg.
1277 2466 1347 2504 sed
1383 2466 1474 2516 jure
1502 2464 1658 2514 optimo

178 2517 369 2567 flagellati
409 2518 456 2554 ab
500 2517 643 2555 harum
687 2533 826 2556 rerum
878 2521 1140 2559 callidissimo
1192 2536 1359 2559 censore
1400 2520 1658 2567 lVielancli0‚

179 2587 300 2623 quem
335 2574 462 2611 miror
489 2587 571 2611 non
608 2575 809 2623 ablegasse
835 2577 972 2614 tristes
1003 2578 1103 2615 istos
1134 2577 1318 2615 homines
1347 2576 1395 2613 ad
1435 2589 1468 2612 c.
1502 2586 1568 2614 20.
1595 2589 1657 2626 sq.

178 2641 255 2678 pro
284 2630 434 2679 Imagg.
465 2630 534 2666 ubi
565 2623 708 2667 ductor
736 2632 835 2681 ipse,
862 2632 1082 2670 discrimen
1110 2634 1330 2671 adulatoris
1363 2638 1403 2668 et
1433 2631 1655 2668 blandate-

177 2684 236 2721 1·is
267 2687 473 2722 subtiliter
503 2699 776 2736 persequenS,
807 2689 926 2734 satis,
968 2690 1137 2739 opinor,
1168 2703 1209 2725 se
1249 2690 1295 2725 ab
1336 2688 1523 2737 indignae
1553 2686 1657 2724 adu-

179 2739 340 2777 lationis
378 2742 551 2778 crimine
592 2755 673 2778 non
711 2742 843 2780 solum
881 2744 1076 2781 adversus
1130 2746 1256 2794 ipsam
1296 2743 1544 2789 I'anthcam,
1586 2742 1656 2779 sed

180 2795 304 2835 etiam
333 2796 440 2848 apud
476 2810 615 2839 omnes
647 2797 846 2849 lectores,
876 2800 947 2852 qui
979 2813 1060 2838 non
1097 2799 1230 2853 putidi
1262 2801 1453 2852 putidae,
1490 2799 1561 2838 sed
1590 2799 1656 2836 in-
