1788 3209
386 238 885 274 AnnorArroNEs
938 237 1005 269 IN
1053 239 1369 278 IMAGINES.
1511 230 1610 284 403

134 351 258 405 genui
283 351 507 403 ingenuae,
535 351 703 391 virtutis
733 352 912 391 cultores
937 348 1037 397 sint,
1064 354 1266 403 purgavit.
1325 353 1447 405 Quod
1473 364 1610 400 autem

133 409 395 447 meretricem
425 407 562 446 laudat
591 409 689 458 ille,
721 409 791 460 qui
832 406 1015 456 Dialogis
1045 405 1294 449 Meretriciis
1337 411 1440 448 illud
1470 412 1609 454 homi-

133 477 233 503 num
271 478 396 515 genus
434 464 691 502 acerbissime
727 464 993 515 perstringit,
1028 463 1125 513 quid
1162 466 1252 504 ais?
1297 467 1608 519 Aristippumne

125 527 275 575 Jmtas,
306 534 428 572 quum
459 520 622 567 Laidis,
658 520 727 558 vel
754 520 986 562 Socratem,
1024 532 1148 569 quum
1177 524 1392 573 Aspasiae,
1425 524 1605 564 familia-

128 577 253 614 ritate
280 576 344 613 usi
376 582 417 614 et
446 576 635 614 delectati
656 576 751 620 sint,
782 576 875 613 ideo
902 588 985 612 non
1011 575 1138 611 fuisse
1163 577 1382 627 Socratem,
1409 581 1475 617 vel
1503 583 1606 621 Ari-

129 632 342 682 stippum‘?
368 632 453 670 Aut
479 634 720 670 Lucianum
745 637 956 677 nostrum,
999 630 1106 681 quod
1137 630 1302 688 humilis
1331 636 1481 673 indolis
1509 652 1604 686 inoff

126 700 304 739 rumque
332 702 553 739 pravorum
590 685 858 739 philosophos
888 700 1047 724 summo
1075 686 1169 724 odio
1197 698 1490 741 persequatur,
1518 707 1603 733 non

128 743 339 781 existimas
369 744 543 782 eundem
582 757 669 782 esse
707 745 961 790 Lucianum,
1003 755 1126 793 quum
1159 743 1254 781 alibi
1291 746 1604 798 Demonactem,

125 798 394 850 2Menippum,
428 799 657 850 Diogenem
690 799 913 849 Cynicum,
952 798 1185 847 Socratem,
1224 800 1404 852 aliosque
1435 817 1602 843 veraces

124 868 170 891 ac
197 855 298 892 bene
324 861 501 893 moratos
523 854 787 906 philosophos
816 857 935 906 justis
963 853 1149 891 laudibus
1172 857 1368 894 extollit?
1390 859 1480 897 Imo
1500 874 1600 899 vero

122 908 416 949 humanissimo
447 917 488 948 et
514 912 561 948 ab
592 913 702 949 omni
732 911 956 962 cupiditate
989 910 1234 949 alienissimo
1275 913 1468 965 falsisque
1507 918 1602 967 opi-

119 966 314 1004 nionibus
339 967 509 1004 minime
539 973 654 1017 capto
681 968 873 1018 scriptori
902 972 1043 1003 nostro
1069 972 1178 1004 tanto
1204 969 1326 1017 magis
1352 972 1472 1006 etiam
1507 972 1600 1009 lau-

121 1020 275 1059 dabiles
304 1022 384 1059 visi
409 1029 503 1059 sunt
532 1023 629 1060 boni
658 1028 700 1060 et
726 1022 889 1060 honesti
915 1021 1120 1067 homines,
1150 1031 1299 1074 quanto
1328 1025 1461 1063 minus
1486 1027 1600 1066 sorte

118 1077 169 1114 ab
209 1083 386 1115 externo
420 1078 529 1115 vitae
559 1091 708 1127 genere
748 1084 790 1116 et
818 1079 1009 1116 instituto
1051 1079 1449 1118 commendabmnur.
1510 1082 1599 1121 Ita-

117 1146 199 1183 que
226 1133 378 1184 rejecta
416 1134 561 1170 Belim·
596 1134 751 1185 injusta
790 1147 871 1171 non
910 1135 1044 1171 minus
1081 1148 1199 1185 quam
1242 1136 1432 1186 imperita
1460 1141 1597 1190 suspi-

114 1189 235 1226 cione
263 1194 375 1226 totus
404 1188 552 1226 accedo
584 1191 756 1227 Gesneri
777 1191 1021 1236 sententiae,
1051 1191 1211 1226 nullum
1241 1192 1393 1229 librum
1422 1192 1599 1234 Luciani

114 1246 242 1294 magis
269 1242 526 1282 Lucianeum
553 1259 661 1294 esse,
689 1260 808 1297 quam
849 1245 918 1282 lias
958 1247 1155 1295 Imagines
1186 1261 1407 1299 earumque
1433 1251 1595 1301 Apolo-

112 1300 233 1349 giam.
295 1300 376 1338 Sed
400 1300 476 1337 alia
506 1313 636 1349 nunc,
680 1316 809 1353 eaque
838 1301 1027 1345 diffilior‚
1057 1302 1200 1339 existit
1229 1305 1434 1354 quaestio,
1467 1319 1597 1356 quae-

113 1368 206 1393 nam
236 1356 306 1393 illa
335 1355 516 1394 Panthea
546 1357 697 1404 suerit,
731 1371 847 1408 quam
880 1358 1003 1393 tantis
1033 1356 1221 1394 laudibus
1245 1359 1403 1407 dignam
1433 1362 1596 1411 putavit

114 1410 337 1453 Lucianus.
397 1412 484 1449 Jam
517 1414 777 1450 Boztrclelotii
806 1413 969 1464 quidem
1000 1413 1218 1450 ridiculum
1242 1429 1440 1462 errorem,
1469 1431 1489 1453 a
1515 1418 1595 1453 So..

111 1467 212 1504 lano
236 1468 374 1506 obiter
392 1469 643 1518 castigatum,
673 1470 923 1508 omittamus.
982 1468 1147 1520 Reliqui
1176 1470 1420 1520 interpretes
1446 1473 1487 1509 in
1511 1479 1594 1509 tres

110 1530 246 1572 partes
277 1523 505 1564 discedunt.
562 1524 619 1561 Et
649 1525 691 1562 la
722 1525 842 1561 C'roze
881 1525 1044 1576 quidem
1076 1526 1255 1562 omnium
1287 1527 1453 1564 minime
1488 1542 1592 1578 pro-

111 1578 303 1616 habiliter
334 1579 527 1628 cogitavit
564 1580 614 1616 de
642 1579 781 1617 Avidii
814 1581 941 1617 Cassii
974 1580 1126 1625 uxore;
1161 1581 1238 1617 vid.
1269 1582 1418 1630 Syllog.
1453 1585 1593 1622 Bella*

109 1633 229 1671 Tom.
262 1637 294 1673 Ι,
325 1649 366 1685 Ρ,
395 1635 487 1673 LX.
510 1649 626 1685 quam
651 1637 928 1685 conjecturam
958 1638 1111 1685 optime
1140 1637 1335 1673 refutavit
1368 1640 1588 1678 ls'selmzd.

105 1689 138 1728 1.
165 1691 191 1728 1.
222 1691 364 1740 Longe
392 1692 645 1742 probabilior
672 1698 732 1728 est
758 1692 935 1741 ejusdem
964 1692 1090 1740 ipsius
1110 1693 1354 1729 llsa'elamliz?
1378 1695 1589 1745 conjectu-

107 1759 173 1793 ra,
205 1747 386 1797 putantis
422 1745 643 1784 Pantheam
674 1754 854 1784 nostram
875 1748 1026 1784 nullam
1057 1747 1173 1784 aliam
1206 1761 1307 1791 esse,
1335 1763 1451 1799 quam
1486 1763 1587 1787 cau-

106 1801 199 1839 dem
231 1803 342 1839 illam
373 1803 503 1839 Blarci
545 1801 804 1853 Imperatoris
846 1803 1040 1848 amicam,
1081 1816 1198 1853 quam
1239 1804 1502 1853 Capz'lolilms
1541 1809 1581 1844 in

103 1858 232 1896 blare.
260 1859 459 1896 Antonin.
490 1857 643 1895 Phissos.
673 1859 745 1895 sub
770 1859 835 1895 fin.
856 1867 991 1896 narrat
1018 1859 1132 1896 illum
1165 1860 1242 1896 sibi
1262 1861 1583 1910 postFaustinne

102 1915 248 1952 uxoris
277 1920 451 1951 mortem
488 1914 730 1961 adscivisse,
773 1916 1050 1965 procuratoris
1080 1913 1230 1962 filiam,
1268 1916 1320 1952 ne
1352 1923 1410 1953 tot
1438 1917 1579 1954 liberis

102 1984 320 2008 novercam
352 1970 657 2019 superduceret.
718 1970 794 2007 Cui
827 1971 990 2021 quidem
1022 1970 1205 2020 opinioni
1235 1971 1331 2007 licet
1357 1972 1581 2022 plurimum

100 2026 299 2063 tribuerit
327 2027 625 2072 th'elcmdizas,
666 2040 786 2075 quem
823 2040 916 2064 raro
950 2025 1094 2077 judicii
1122 2026 1184 2062 sui
1219 2026 1414 2075 elegantia
1446 2027 1580 2065 ‹lt-*ti-

101 2082 206 2124 tuit,
236 2086 371 2117 tamen
402 2082 594 2118 accedere
625 2081 777 2119 dubito.
836 2081 961 2126 Nam,
999 2089 1045 2120 nt
1085 2082 1330 2128 concedam,
1372 2085 1478 2133 quod
1512 2090 1577 2120 ta-

101 2150 195 2174 inen
225 2150 307 2172 non
337 2137 457 2173 facile
485 2136 714 2184 concedam,
745 2150 841 2174 vcra
870 2151 1052 2174 narrasse
1070 2138 1355 2185 Capz'lolimaem.
1380 2139 1428 2174 (le
1460 2139 1577 2175 Mar-

102 2193 139 2229 ci
178 2192 380 2228 Antonini
418 2191 654 2241 Philosophi
686 2192 856 2242 pellice,
900 2194 986 2239 vel,
1022 2192 1129 2243 quod
1162 2193 1285 2242 magis
1327 2195 1574 2231 llsselanclz‘o

98 2249 252 2299 placet,
285 2260 416 2284 uxore
446 2247 647 2298 inaequali
674 2248 934 2285 matrimonio
966 2253 1058 2285 (zur
1100 2248 1239 2286 linken
1269 2249 1409 2295 Hand)
1440 2250 1573 2297 ducta,

99 2317 180 2340 non
211 2302 345 2350 video,
383 2316 457 2339 cur
483 2301 700 2340 historicus
732 2304 1095 2351 praestantissimae
1125 2303 1306 2341 mulieris
1337 2318 1485 2341 nomon
1513 2307 1574 2342 si-

98 2359 249 2406 luerit,
280 2371 354 2394 nec
386 2359 513 2408 ipsam
551 2372 641 2395 cum
683 2359 813 2410 aliqua
847 2360 986 2407 laude,
1021 2358 1128 2411 quod
1166 2359 1236 2395 ille
1273 2360 1410 2397 facere
1453 2362 1571 2410 solet,

96 2415 494 2453 commemoraverit.
567 2415 723 2451 Verum
778 2415 917 2452 dubito
969 2417 1134 2453 omnino
1188 2427 1280 2452 cum
1333 2416 1569 2465 (Vm-sssoplz,

100 2472 273 2513 lsmllio,
303 2470 434 2507 Marci
463 2471 563 2519 Imp.
585 2469 806 2507 Librorum
831 2484 896 2508 ΧΠ
922 2471 970 2507 de
999 2486 1042 2509 se
1064 2473 1150 2521 ipso
1165 2469 1336 2508 Editore
1359 2469 1460 2522 (vid.
1483 2471 1569 2512 vit.

97 2525 229 2562 Marci
256 2526 352 2563 ibid.
384 2539 420 2576 p.
454 2527 569 2571 160.)
604 2524 653 2561 de
681 2524 799 2576 hujus
828 2528 1073 2565 narrationis
1102 2527 1288 2563 veritate.
1350 2527 1453 2563 Nam
1493 2528 1569 2575 viic

99 2595 274 2631 unquam
313 2582 492 2619 animum
531 2580 740 2627 inducam,
786 2589 832 2619 ut
870 2583 1031 2620 ert-(lam
1068 2582 1348 2633 gravissimum
1382 2583 1567 2618 omnium

99 2635 436 2688 philosophorum
468 2643 746 2680 vctcrnm,-—-
766 2651 817 2674 ne
849 2639 1055 2675 Socratem
1090 2637 1251 2689 quidem
1278 2637 1478 2687 excipiam
1511 2659 1566 2666 —

97 2691 269 2729 eundem
295 2693 431 2741 illum,
463 2707 580 2743 quem
611 2693 649 2729 iu
690 2692 912 2742 ipso⁴stylo
950 2694 1154 2730 insucatae
1191 2706 1235 2728 ac
1263 2693 1457 2742 simplicis
1486 2707 1564 2730 ve·-

93 2748 225 2785 ruatis
257 2754 297 2785 ct
333 2749 554 2800 sapientiae
594 2754 836 2787 sectatorem
878 2750 1166 2800 probissimum
1199 2754 1240 2784 et
1281 2749 1564 2786 constantissi-

1147 2805 1279 2847 Cc2
