1788 3209
463 613 1063 664 CORRIGENDA

340 748 437 787 AD
494 747 782 787 TOMUM
835 748 1178 788 SEXTUM.

878 930 886 940 Ι

69 954 314 997 (singularem
338 954 472 987 Tomus
494 963 611 988 sextus
636 954 749 986 aliena
775 953 878 996 culpa
906 955 1079 986 contraxit
1100 954 1236 996 labem,
1261 958 1356 999 quod
1381 947 1451 992 nou

156 1013 274 1044 solum
310 1012 428 1054 plures
460 1012 563 1043 solito
591 1022 629 1043 ac
654 1009 827 1042 foediores
857 1021 1043 1052 operarum
1069 1023 1201 1044 errores
1226 1014 1303 1045 illic
1325 1016 1453 1056 relicti,

157 1068 218 1100 sed
257 1069 364 1100 etiam
396 1076 560 1100 notarum
593 1068 738 1110 paginae
773 1068 810 1099 in
839 1065 991 1099 Scholiis
1017 1075 1051 1099 et
1077 1066 1342 1103 Commentario
1368 1084 1452 1110 non,

158 1133 196 1156 ut
217 1136 279 1166 par
304 1134 395 1165 erat,
424 1126 466 1157 iis
490 1126 645 1156 numeris
667 1130 748 1154 sunt
773 1122 963 1163 iudicatae,
990 1126 1050 1165 qui
1073 1126 1173 1158 textis
1195 1126 1336 1159 Graecis
1357 1137 1452 1161 recte

155 1180 402 1224 respondeant.
449 1181 514 1213 Cui
537 1179 746 1224 turpitudini
772 1191 883 1222 quum
909 1191 973 1222 ego
1001 1179 1145 1221 quidem
1166 1183 1270 1224 plane
1295 1186 1363 1216 sim
1387 1187 1454 1218 im-

153 1250 218 1281 par
243 1238 287 1270 ad
313 1238 519 1281 expeditum
545 1239 686 1270 lectoris
711 1249 813 1269 usum
837 1245 870 1269 et
893 1237 1102 1269 redemtoris
1128 1240 1346 1273 voluntatem
1372 1254 1450 1273 sero

154 1307 296 1327 mecum
329 1297 625 1328 communicatam
649 1293 805 1335 undique
835 1294 1106 1334 emaculandae,
1141 1296 1207 1329 hoc
1233 1306 1323 1330 certe
1353 1311 1450 1331 nunc

152 1353 292 1391 faciam,
315 1352 411 1394 quod
436 1354 470 1385 iu
499 1364 575 1383 mea
601 1359 768 1394 potestate
790 1357 841 1382 est
860 1351 980 1390 situm,
1008 1360 1044 1383 ut
1064 1355 1191 1394 prioris
1211 1357 1330 1396 parti5‚
1359 1367 1448 1398 quae

151 1411 259 1452 ipsius
285 1410 429 1442 Luciani
455 1409 559 1441 verba
584 1409 855 1452 complectitur,
890 1408 1091 1449 gravissima
1118 1410 1272 1442 indicem
1296 1422 1448 1456 peccata,

153 1466 324 1509 adspersis
352 1466 530 1498 corollarii
563 1466 643 1497 loco
676 1465 858 1497 nonnullis
889 1466 1064 1497 recentius
1088 1467 1143 1498 vel
1170 1479 1187 1499 a
1216 1480 1290 1509 me,
1324 1470 1380 1501 vel
1404 1470 1447 1501 ab

151 1524 251 1564 aliis,
283 1524 460 1566 imprimis
493 1535 513 1554 a
548 1522 752 1555 Francisco
787 1513 989 1554 Volkmaro‘
1017 1524 1249 1566 Fritzsclzz'0,
1281 1526 1448 1558 observa-

151 1582 208 1615 tis.
255 1580 354 1612 Folia
390 1580 526 1621 aliquot
555 1579 756 1619 redemtor,
798 1589 906 1620 quem
938 1588 972 1612 et
1004 1582 1119 1622 ipsum
1152 1585 1361 1615 mercenarii
1394 1585 1448 1616 sui

149 1638 284 1670 incuria
310 1637 403 1669 male
428 1636 590 1675 haberet,
625 1647 695 1678 quo
719 1635 851 1667 bonam
873 1647 972 1668 suam
998 1635 1106 1670 fidem
1131 1639 1249 1681 palam
1271 1640 1447 1683 probaret,

149 1696 239 1739 typis
259 1693 477 1727 retractanda
504 1693 647 1727 curavit.
693 1691 839 1734 Lelzm.)

58 1773 142 1816 Pag.
164 1773 196 1807 5.
221 1780 303 1808 text.
334 1772 363 1807 1.
392 1783 425 1804 2.
457 1782 521 1815 pro
553 1771 620 1812 ἔχει
649 1769 832 1805 Fritzsclz.
871 1771 1048 1814 Quaestst.
1081 1773 1254 1808 Luciann.
1293 1785 1330 1817 p.
1361 1784 1442 1810 212.

333 1836 426 1861 recte
450 1828 555 1861 scribi
581 1827 679 1865 iubet
702 1829 770 1872 ἔχῃ.

57 1885 140 1929 Pag,
162 1883 193 1920 6.
218 1893 299 1920 text.
325 1885 351 1918 l.
374 1886 438 1919 ult.
470 1897 534 1928 pro
567 1884 668 1929 δεήσῃ
691 1897 772 1917 cum
797 1884 936 1918 Solano
961 1885 1190 1919 scribendum
1214 1886 1344 1929 δεήσει,
1377 1901 1442 1921 nec

57 1997 132 2029 Ead

56 2054 128 2096 Pag

57 2111 130 2154 Pag

330 1941 549 1985 respicienda
575 1942 791 1984 quidquam,
819 1953 907 1983 quae
932 1942 1103 1975 Reitzius
1126 1952 1313 1980 notaverat.

136 2020 145 2028 .
166 1997 267 2033 Varr.
293 1998 406 2030 Lectt.
429 1999 452 2033 1,
474 2000 537 2031 ult.
561 2010 625 2041 pro
651 2000 684 2037 (.
712 2001 767 2038 e.)
793 1999 861 2040 leg.
888 1999 932 2042 (i.
956 2001 1013 2042 e.)

133 2081 140 2088 .
162 2065 195 2097 9.
220 2062 303 2088 text,
329 2055 352 2088 1.
373 2054 404 2088 6.
433 2066 484 2097 sq.
512 2055 555 2086 de
583 2063 656 2087 toto
677 2056 756 2087 loco
782 2056 827 2087 cf.
849 2055 1031 2088 Fritzsclz.
1056 2056 1228 2100 Quaestst.
1254 2069 1288 2103 p.
1316 2057 1394 2096 162.

133 2137 142 2146 .
165 2123 218 2144 10.
240 2119 321 2146 text.
348 2113 373 2144 1.
398 2125 425 2145 ι.
449 2124 513 2155 pro
535 2108 600 2156 χρὴ
624 2112 695 2154 leg.
715 2110 778 2155 χρὴ
806 2112 880 2143 siue
904 2110 986 2154 jota.

55 2168 146 2203 Ead.
172 2176 254 2203 text.
282 2170 307 2200 1.
328 2179 379 2203 11.
406 2181 470 2212 pro
495 2163 611 2212 ὅφύων
640 2169 710 2210 leg.
737 2166 885 2212 ὀφρύων,

55 2224 140 2268 Pag.
160 2235 209 2259 12.
237 2233 321 2257 text.
346 2226 370 2260 1.
393 2237 423 2270 9.
449 2225 492 2257 de
520 2227 801 2268 interpunctione
825 2226 895 2260 vid.
923 2226 1107 2259 Fritzsclz.
1132 2227 1307 2271 Quaestst.
1334 2239 1436 2272 ρης).

58 2281 128 2324 Pag

53 2338 138 2380 Pag.

53 2397 137 2437 Pag.

52 2451 136 2494 Pag.

52 2508 136 2551 Pag.

50 2565 136 2608 Pag-

50 2678 125 2710 End

52 2734 124 2766 End

134 2310 140 2317 .
167 2282 220 2315 13.
245 2282 345 2317 Vers.
377 2284 445 2317 col.
466 2293 496 2315 2.
522 2283 546 2314 l.
569 2293 600 2326 9.
627 2293 692 2324 pro
717 2281 783 2314 illa
810 2283 878 2325 [eg.
906 2283 971 2318 illi.

156 2337 209 2373 15.
240 2347 325 2374 text.
353 2340 379 2374 l,
404 2350 455 2371 11.
478 2351 541 2382 pro
568 2340 730 2384 αἴλουρος
755 2340 823 2381 leg.
846 2341 1016 2385 αἴλουρος.

157 2394 212 2432 16,
237 2396 337 2431 Vax-r.
361 2397 469 2428 Lectt.
491 2399 515 2429 l.
535 2396 566 2431 5.
592 2408 655 2438 pro
681 2396 824 2428 advers.
850 2398 920 2440 leg.
946 2398 998 2430 ad
1013 2409 1104 2431 ver-9.
1125 2397 1325 2442 sejunctim.

158 2463 208 2494 17.
232 2452 333 2488 Varr.
360 2453 470 2485 Lectt.
495 2455 520 2487 1.
538 2455 572 2486 4.
593 2466 656 2498 pro
687 2456 726 2488 O.
754 2455 824 2496 leg.
850 2455 886 2487 J.

155 2509 206 2541 18.
226 2508 327 2544 Varr.
353 2510 466 2542 Lectt.
493 2511 519 2543 l.
545 2514 577 2545 4.
603 2523 668 2554 pro
699 2513 802 2545 Gort.
829 2512 898 2553 leg.
922 2510 1022 2544 Gorl.

155 2577 208 2610 ¹9·
242 2574 323 2601 text.
359 2567 386 2602 l.
417 2578 444 2602 1.
487 2579 553 2610 pro
586 2567 719 2614 ἀκούσῃ
751 2568 934 2603 Fritzsclz.
973 2569 1146 2611 Quaestst.
1185 2579 1219 2610 p.
1250 2577 1325 2611 ¹90·
1361 2567 1429 2609 leg.

325 2619 486 2669 ἀκούσῃς.

131 2701 140 2711 .
160 2678 256 2714 Varr.
281 2680 393 2716 Lectt.
422 2682 445 2715 l.
466 2682 498 2715 5.
524 2693 589 2726 pro
614 2683 755 2715 adver-³.
782 2685 852 2725 leg.
879 2684 1006 2715 iterum
1036 2680 1087 2713 ad
1117 2690 1208 2714 vers.

130 2762 137 2769 .
165 2737 264 2771 Vers.
291 2737 360 2769 col.
378 2747 410 2772 2.
437 2739 463 2777 l,
488 2749 539 2772 12.
563 2752 626 2783 pro
641 2739 695 2783 fit
722 2741 792 2784 leg.
821 2741 882 2773 sit.
