1788 3209
349 241 425 273 lN
491 240 719 276 sovnm
791 240 1278 279 TRAGOEDUM.
1450 233 1547 279 591

80 366 196 402 cum,
224 350 334 390 unde
360 364 506 403 rapere
536 350 584 390 ad
611 364 654 389 se
682 357 855 392 conetur
882 358 1056 404 uterque
1087 353 1374 403 pugnantium,
1413 355 1557 396 vindi-

82 415 150 447 cet
179 408 256 446 sibi
281 415 321 447 et
348 409 529 448 retineat
555 408 690 458 idem,
726 409 796 460 qui
831 414 874 447 et
900 422 1091 460 campum
1119 407 1221 447 aciei
1247 424 1292 447 ac
1322 411 1556 457 victoriam.

81 464 217 507 GasN.

190 520 299 560 [hid.
324 515 551 571 Ἀσφαλαῗς
578 515 864 573 οἷπορῥίπτων)
901 514 1103 568 Ἀσαφῶς
1127 519 1343 571 legendum
1373 522 1554 574 videtur‚‘

82 581 131 613 ut
159 590 283 625 supra
313 590 349 616 e.
382 576 418 614 (3.
449 575 553 614 med.
584 572 785 625 ἀσαφείας
816 590 888 626 pro
915 571 1164 626 α’σᾳαλειάς,
1206 583 1247 614 et
1283 577 1393 616 infra
1421 579 1556 618 Pseu-

82 632 165 671 dol.
194 645 229 670 e.
259 633 296 669 3.
323 646 358 672 a.
387 646 442 672 m.
471 627 636 681 οἷσαφής
666 646 738 682 pro
768 627 968 682 α’σφαλῆς.
1017 632 1187 670 GUYET.
1244 632 1336 671 Etsi
1364 648 1486 686 supra
1515 650 1552 675 c.

85 687 124 727 (3.
146 683 357 739 ,οἷσαφείας
384 702 459 739 pro
488 684 715 738 ἀσφαλείας
744 694 913 739 propter
943 686 1113 731 Codices
1140 689 1329 738 praetuli,
1357 690 1468 742 quod
1495 690 1558 730 ibi

83 756 250 790 sensum
279 744 457 795 probum
488 743 654 791 sundat‚'
678 757 770 781 cum
795 743 977 795 Apollini
997 744 1220 780 obscuritas
1242 745 1427 785 vaticinii
1454 761 1557 799 pro-

79 804 176 850 pter
205 800 475 849 ignorantiam
511 799 745 837 futurorum
778 800 1071 850 exprobretur5
1127 799 1270 838 dubito
1307 807 1464 851 tamen,
1504 818 1558 843 an

79 867 242 905 semper
269 855 327 892 sic
356 853 587 905 legendum.
625 855 705 893 Hic
736 862 847 893 certe
876 860 971 892 cuns
999 850 1265 908 α’πορῥίπῑων
1294 871 1421 908 aeque
1442 865 1558 897 recte

79 911 344 962 conjungitur
373 907 593 961 οἷσφαλαῖς,
618 919 759 962 caute,
789 925 908 962 quam
936 907 1124 962 ἀσαφῶς,
1152 917 1192 948 et
1217 912 1266 949 ad
1293 913 1558 963 prudentiam

81 966 170 1016 ejus
196 967 346 1016 respici
373 966 560 1015 videtur,
603 980 681 1018 qua
718 973 860 1014 cavet,
899 980 952 1005 ne
987 967 1214 1018 ignorantia
1243 981 1314 1005 sua
1339 969 1556 1020 prodatur.

77 1021 145 1060 Ita
173 1017 477 1074 ἀσφαλέστερον
504 1018 707 1077 οἷποκρίνῃ
733 1036 854 1074 supra
894 1036 928 1059 c.
971 1021 1009 1062 6.
1042 1023 1270 1073 prudenter
1296 1026 1558 1075 respondeas,

79 1090 133 1116 ne
159 1080 357 1140 capiare:
392 1085 619 1130 notumque
657 1084 717 1115 est
745 1083 863 1116 vetus
901 1078 1074 1117 verbum
1115 1092 1170 1116 ex
1204 1080 1354 1130 Euris).
1391 1079 1554 1122 Phoen.

77 1133 176 1184 597.
217 1128 419 1186 Ασφαλῆς
441 1129 518 1186 γάρ
547 1133 635 1174 ἔστι
661 1129 836 1185 ἀμείνων
863 1129 893 1183 ἦ
920 1130 1085 1185 θρασύς
1110 1131 1405 1186 στρατηλάτης.
1464 1136 1551 1176 Ubi

79 1197 228 1237 cantus
257 1189 374 1226 miles
402 1190 544 1227 audaci
570 1189 819 1241 praefertur.
901 1190 945 1227 Si
981 1196 1118 1228 tamen
1157 1187 1329 1243 ἀσαφῶς
1356 1207 1410 1230 ex
1439 1193 1558 1231 libris

75 1243 360 1296 proferretur,
387 1245 572 1283 cederem
592 1276 602 1291 ‚
640 1259 685 1283 ac
716 1246 837 1283 facile
867 1245 1153 1293 admitterem,
1191 1253 1240 1284 ut
1269 1248 1381 1299 quod
1411 1250 1559 1288 melius

34 1298 38 1313 ³
78 1299 272 1338 cohaeret
301 1314 394 1340 cum
421 1315 534 1352 seqq.
565 1297 621 1347 co‘g·
651 1297 748 1348 τούς
769 1297 994 1347 ἀκούοντας
1023 1299 1144 1343 ἄλλου
1171 1303 1338 1344 δεῖσθαι
1366 1305 1558 1353 Πυθίου,

80 1369 161 1407 quo
201 1362 313 1394 certe
346 1357 596 1403 obscuritas,
642 1370 726 1394 non
764 1360 902 1395 cautio
940 1357 1204 1404 significatur,
1243 1359 1396 1402 Rmrz,
1464 1361 1556 1399 Nec

77 1410 271 1450 Pseudol.
304 1425 342 1449 e.
373 1413 410 1450 3.
438 1406 645 1462 ἆσφαλῆς,
672 1426 805 1464 neque
833 1412 873 1450 h.
905 1412 934 1452 1.
964 1409 1176 1463 ἆσφαλῶς,
1206 1416 1449 1454 mutandum
1480 1423 1556 1458 est.

77 1465 146 1505 De
173 1467 245 1505 illo
275 1466 368 1504 loco
400 1468 630 1506 videbimus
659 1481 733 1505 suo
763 1474 962 1520 tempore.
1005 1469 1086 1507 Sed
1114 1469 1155 1511 h.
1185 1470 1210 1507 l.
1241 1467 1438 1520 ἄσφαλῶς
1464 1472 1559 1509 ele-

75 1528 220 1572 ganter
248 1536 331 1560 uno
358 1524 487 1561 verbo
516 1523 623 1562 idern
652 1525 863 1575 exprimit,
890 1524 998 1575 quod
1024 1526 1129 1562 Jnno
1159 1525 1556 1573 Dia11.De0r.XV1,

80 1591 118 1619 1.
148 1578 198 1616 de
231 1578 374 1617 eodem
403 1579 596 1630 Apolline
623 1585 716 1617 vate
744 1580 860 1628 dicit,
894 1578 950 1628 ὠς·
975 1577 1182 1621 ἀκίνδυνον
1211 1580 1319 1624 εἶναι
1345 1579 1392 1624 τό
1423 1580 1558 1635 σφάλ-

74 1649 150 1686 μα.
208 1635 336 1673 Verte
365 1642 476 1682 tato,
506 1649 588 1673 non
617 1649 708 1672 cum
738 1636 924 1674 Reitzio:
954 1646 1073 1674 caute
1101 1644 1172 1675 aut
1198 1639 1437 1688 prudenter,
1477 1641 1559 1676 So-

74 1690 201 1727 lanus
228 1690 330 1728 locis
360 1690 444 1728 suis
475 1688 632 1728 collatis
661 1689 765 1728 nihil
795 1692 967 1742 amplius
999 1692 1149 1739 effecit,
1182 1707 1299 1745 quam
1331 1702 1377 1732 ut
1406 1696 1560 1747 proba-

25 1766 26 1772 κ
77 1750 221 1790 retur,
248 1745 292 1782 id
321 1746 431 1797 quod
464 1747 704 1796 probatione
731 1760 814 1784 non
845 1748 1012 1798 egebat,
1041 1748 1243 1799 Apollinis
1269 1751 1431 1789 oracula
1460 1765 1560 1803 pas-

26 1814 27 1849 3
77 1800 156 1839 sim
184 1800 293 1838 dicta
321 1816 406 1839 esse
433 1798 593 1851 a'oaqmi.
631 1802 778 1843 Lmffl,

26 1859 27 1866 ¹
185 1852 298 1894 'EacL
333 1857 358 1894 l.
401 1871 464 1897 ιι,
501 1854 640 1908 Δάμιν
669 1853 996 1908 αὐτοπρόςωπον
1035 1858 1104 1898 καῖ
1141 1855 1190 1901 δι’
1230 1856 1366 1902 αὐτοῦ’
1405 1859 1558 1914 λέγειν)

74 1911 252 1960 Nescio,
288 1918 427 1950 utrum
458 1913 692 1963 Obsopoeas
725 1915 910 1952 omiserit
936 1916 1089 1952 rectius
1119 1916 1322 1955 secundae
1350 1920 1461 1957 vocis
1487 1920 1558 1956 in-

74 1968 434 2019 terpretationem,
490 1983 540 2006 an
579 1969 888 2008 festinationem
925 1984 1039 2008 suam
1078 1971 1286 2022 indignius
1325 1974 1560 2025 prodiderit

74 2024 340 2071 Benedictus,
370 2038 453 2061 non
483 2024 580 2061 satis
611 2023 870 2062 considerans
903 2025 988 2063 vim
1019 2027 1105 2077 ejus
1115 2054 1126 2074 ,
1160 2034 1200 2065 et
1225 2027 1319 2066 ideo
1348 2030 1559 2081 interpre-

73 2083 166 2115 tans
197 2078 302 2115 male
329 2089 604 2128 praesentem.
661 2079 768 2117 Nam
798 2094 924 2131 aeque
951 2094 1142 2132 praesens
1167 2083 1334 2122 futurus
1363 2092 1451 2124 erat
1471 2085 1557 2123 Ti-

74 2133 253 2181 mocles,
280 2133 315 2170 si
344 2133 542 2171 advocato
573 2147 646 2171 suo
678 2134 727 2171 ad
757 2148 896 2173 aurem
933 2136 1123 2179 adstaret.
1181 2138 1374 2179 Efficacia
1411 2141 1556 2192 utique

30 2220 31 2223 ,
76 2189 259 2225 Graecae
288 2189 397 2226 vocis
428 2189 548 2239 longe
576 2190 652 2227 alia
682 2196 723 2227 et
748 2191 877 2242 major
902 2200 984 2240 est,
1025 2199 1068 2230 et
1092 2194 1187 2231 satis
1218 2195 1266 2232 ab
1293 2195 1395 2234 viris
1424 2196 1556 2236 doctis

74 2244 302 2294 explanata,
333 2251 375 2281 et
405 2243 471 2282 hic
501 2245 594 2282 ideo
623 2245 828 2284 difficilior
857 2246 907 2284 ad
938 2249 1252 2299 exprimendum
1268 2250 1431 2296 Latine,
1461 2254 1557 2304 quia

73 2299 161 2349 ipse
190 2300 410 2336 Luc-ianus
443 2313 518 2350 per
556 2308 771 2352 sequentes
807 2315 932 2341 voces
962 2300 1012 2345 δι’
1043 2300 1175 2345 αὐτοῦ
1211 2320 1299 2344 eam
1339 2309 1557 2359 explicuit.

74 2354 197 2392 Certe
223 2360 359 2392 tamen
385 2362 519 2402 notat,
559 2370 650 2394 eum
690 2364 730 2394 et
776 2364 917 2410 aperta
954 2359 1061 2397 sacie
1093 2367 1134 2398 et
1165 2362 1252 2399 sine
1283 2362 1555 2414 simulationis

73 2411 331 2453 velamento,
372 2417 413 2448 et
449 2412 619 2462 proprio
660 2427 731 2450 ore
774 2420 896 2465 atque
925 2417 1090 2466 ingenio
1120 2416 1465 2466 dissertaturum‚
1506 2426 1554 2459 ut

74 2461 400 2517 αὐτοπρόςωπον
429 2462 572 2513 κάλλος
602 2467 644 2504 in
675 2468 850 2507 Timone
877 2484 917 2521 p.
950 2471 1013 2521 76.
1056 2471 1134 2513 Ed.
1175 2474 1354 2515 Salmur.
1386 2482 1474 2513 tum
1500 2472 1552 2515 ob

72 2522 174 2559 alios
201 2528 437 2572 respectus,
479 2528 566 2560 tuni
607 2523 672 2560 cui
715 2526 972 2577 προςωπεῗον
1012 2528 1138 2569 abest.
1196 2530 1312 2567 Infra
1348 2531 1392 2568 in
1428 2529 1551 2570 Gallo

74 2578 206 2614 simile
236 2578 440 2624 occurrit,
482 2573 613 2631 ὥςπερ
653 2595 751 2625 ποτε
789 2577 815 2631 ἦ
855 2577 985 2636 φηγός
1022 2583 1065 2623 ἐν
1101 2581 1284 2640 Δωδώνῃ
1310 2581 1552 2639 αὐτόφωνος

75 2629 336 2683 ἐμαντεύετο.
381 2634 524 2671 GnoN.
715 2661 717 2665 Α

185 2689 290 2726 Ecccl.
321 2688 347 2726 l.
383 2686 443 2727 16·
474 2683 792 2742 Ἐπινοήσομειι)
822 2691 966 2731 Codex
996 2694 1078 2734 Ox.
1106 2692 1401 2748 ἐπινοήσωμεν,
1432 2712 1551 2736 men-

76 2741 195 2780 dose:
219 2758 349 2796 neque
363 2745 523 2783 enimid
536 2746 628 2796 agit,
651 2748 937 2797 utconsiliuni,
960 2750 1068 2802 quod
1082 2752 1186 2797 risit,
1209 2756 1367 2804 probet.
1395 2755 1550 2793 SoLAN.
