1788 3209
529 229 615 260 IN
700 226 1148 259 TOXAnlN.
1474 210 1569 258 461

99 344 196 394 lud,
213 341 333 396 quod
357 342 466 381 inter
493 340 699 394 {tramelay
726 345 768 379 et
799 337 984 391 ἑταιρίαν
1009 351 1031 375 a
1062 338 1229 376 Bzcclcceo
1249 336 1442 376 statuitur
1469 337 1576 385 (vid.

99 401 285 439 Fischer.
315 399 364 438 ad
385 397 584 438 Aeselzln.
610 392 788 438 Axiioch.
815 394 854 446 §.
887 396 941 443 1.)
971 408 1051 446 quo
1081 394 1184 431 illud
1205 395 1463 441 sodalitium,
1495 395 1520 431 i.
1539 408 1576 434 e.

100 457 281 504 sodales,
321 455 400 493 hoc
440 469 540 493 vero
580 455 840 500 amiciciam,
887 451 1168 498 denotaverit3
1205 464 1297 488 nam
1333 456 1375 487 et
1413 449 1575 501 ἑταιρία

101 527 220 564 saepe
249 511 473 549 secundum
501 515 657 548 certam
687 509 905 545 lectionem
937 507 987 544 de
1025 506 1242 553 sodalitiis,
1284 507 1349 544 vel
1379 504 1577 544 factioni-

101 569 202 615 bus,
233 568 431 615 occurrit,
458 572 506 604 ut
534 564 756 604 Plutarch.
785 562 988 613 Lysandr.
1022 574 1088 600 21.
1109 562 1258 608 Agesil.
1289 573 1356 601 20.
1386 563 1580 612 Appiam.

99 626 149 662 B.
182 623 273 665 Civ,
302 624 376 672 III,
408 623 472 672 75.
504 628 607 660 extr.
635 626 676 658 et
709 622 777 660 81.
803 620 845 657 in
873 625 916 657 et
953 623 1096 656 contra
1131 617 1313 669 ἑταιρεία
1344 618 1394 655 de
1434 618 1580 655 amici-

102 681 184 725 tia,
216 686 261 717 ut
291 680 441 729 Eurip.
477 678 614 716 Orest.
646 691 686 718 v.
727 676 846 716 1065.
879 681 921 713 et
955 686 1072 722 1072.
1117 673 1194 711 Ed.
1225 673 1383 712 Bffczttlz.
1412 673 1482 711 ubi
1512 679 1579 712 ta-

102 750 198 774 men
227 735 344 786 prius
369 741 454 772 erat
482 731 666 785 ἑταιρίας
696 739 738 770 et
765 732 969 783 ἑταιρίαν
1007 736 1144 767 tamen
1173 736 1345 780 propter
1379 729 1482 767 hanc
1511 730 1579 780 ip-

101 806 188 830 sam
214 797 404 828 veterum
441 789 753 828 inconstantiam
783 790 850 826 vel
877 789 921 826 in
951 800 1027 824 usu
1052 786 1370 837 uniuscujusque
1398 786 1580 836 scripto-

103 849 189 891 ris,
215 848 305 892 vel',
344 847 378 884 si
407 847 441 883 is
467 846 650 884 nondum
680 851 861 893 constet,
898 845 943 881 in
980 843 1179 881 librorum
1214 841 1295 878 fide
1328 847 1370 879 et
1399 841 1583 879 auctori-

103 909 190 941 tate
219 901 558 954 acquiescendum
585 915 671 938 esse
692 915 854 940 censeo.
885 900 1148 950 Quapropter
1178 904 1220 935 et
1246 896 1288 938 h.
1317 897 1346 938 1.
1374 896 1582 948 ἑταιρείαν

106 959 369 998 retinendum
399 971 484 996 esse
511 958 728 1009 putabam,
756 963 802 995 et
828 957 886 994 ita
907 955 1096 1007 quidem,
1127 959 1172 992 ut
1193 955 1312 991 etiam
1340 950 1419 1003 τήν
1444 950 1584 1001 ἄλλην,

103 1014 308 1064 vulgatam
344 1014 588 1062 lectionem,
615 1014 856 1065 probarem,
884 1012 1115 1062 intelligens
1153 1024 1245 1047 cum
1277 1011 1452 1048 Gesner-0
1481 1011 1585 1046 reli—

107 1085 235 1122 quum,
255 1070 512 1114 sodalitium,
541 1069 568 1107 i.
597 1083 633 1110 e.
663 1069 763 1117 sere,
787 1075 834 1106 ut
852 1082 1017 1106 nosrurn
1035 1082 1043 1103 :
1075 1065 1140 1104 die
1159 1065 1303 1117 iibrige
1325 1064 1584 1117 Sippschaft;

105 1125 285 1178 ἑταιρεία
314 1139 397 1163 non
426 1125 476 1162 de
506 1125 705 1172 amicitia,
732 1124 802 1162 sed
829 1124 879 1162 de
908 1124 1112 1162 sodalibus
1141 1123 1241 1175 ipsis
1269 1122 1487 1162 intellecta,
1517 1121 1586 1157 De

107 1184 224 1233 cujus
255 1180 417 1232 quidem
453 1182 611 1231 generis
640 1181 873 1219 nominibus
904 1181 1131 1218 collectivis
1167 1178 1232 1217 adi
1258 1178 1508 1215 Loheckium
1534 1175 1586 1214 ad

107 1237 338 1288 Phrynielz.
367 1251 407 1288 p,
434 1237 532 1288 459.
559 1237 704 1276 Varias
732 1237 931 1274 lectiones
956 1233 1029 1285 τήν
1058 1233 1205 1284 ἄλλων,
1237 1235 1304 1273 vel
1329 1231 1413 1274 τῶν
1439 1230 1588 1280 ἄλλων,

108 1293 267 1346 spurias
294 1307 381 1331 esse
405 1293 568 1345 judicog
597 1300 639 1331 et
666 1293 774 1344 quod
802 1294 846 1330 in
871 1293 916 1330 P.
948 1298 989 1330 et
1020 1292 1072 1331 G.
1101 1292 1226 1330 verba
1255 1290 1326 1330 καὶ
1355 1286 1430 1339 τήν
1462 1286 1589 1338 ἄλλην

109 1351 277 1389 omnino
307 1350 452 1387 omissa
478 1356 594 1398 sunt,
628 1348 726 1386 hinc
756 1363 838 1386 non
867 1355 967 1401 puto
1004 1354 1119 1385 recte
1155 1347 1313 1396 colligi,
1341 1345 1513 1383 delenda
1542 1357 1591 1382 ea.

110 1420 209 1444 esse.
273 1406 446 1442 Graevii
483 1411 594 1443 certe
628 1404 850 1456 judicium,
898 1406 941 1442 in
970 1399 1047 1453 τήν
1076 1401 1203 1452 ἄλλην
1232 1402 1385 1440 nullam
1416 1408 1590 1438 senten-

109 1463 209 1499 tiam
245 1461 432 1508 subesse,
481 1460 596 1499 valde
636 1475 831 1511 praeceps
871 1466 956 1505 est,
1003 1466 1045 1497 et
1074 1456 1127 1497 ex
1162 1458 1420 1509 ignoratione
1458 1457 1587 1504 illius,

109 1531 231 1570 quem
265 1530 384 1567 supra
412 1516 551 1567 tetigi,
578 1517 693 1554 vocis
720 1517 903 1568 ἑταιρεία
931 1530 1055 1564 usus,
1081 1522 1234 1553 natum.
1275 1514 1418 1551 LEnM.

222 1573 331 1611 Ead.
360 1573 389 1612 ].
422 1586 459 1623 7.
489 1568 930 1625 Λιηγησάμενοι]
958 1567 1273 1624 Λιηγησώμεθα
1300 1569 1593 1619 correxissem;

107 1634 156 1666 ut
181 1628 337 1667 habent
362 1627 406 1666 P.
436 1634 478 1666 et
507 1642 630 1679 marg.
660 1629 712 1669 A.
745 1642 778 1669 1.
808 1629 903 1678 W„
942 1629 1022 1666 nisi
1050 1628 1091 1665 id
1127 1626 1350 1676 impediret
1387 1625 1591 1676 particula

107 1684 178 1726 καὶ
202 1686 391 1736 proxime
417 1684 676 1735 praecedens.
705 1685 850 1736 Longe
888 1685 1023 1722 minus
1055 1684 1187 1735 placet
1216 1683 1387 1733 Seageri
1414 1681 1590 1730 figmen-

108 1747 198 1778 tum
217 1735 581 1795 προχειρισώμεθα
603 1754 681 1791 pro
700 1735 1070 1794 πρρχειρισοῖμενοι.
1101 1740 1177 1776 Est
1193 1743 1328 1775 autem
1359 1736 1396 1773 h.
1424 1738 1453 1776 l.
1474 1735 1590 1772 Ana-

110 1796 330 1844 coluthon,
359 1810 443 1835 non
465 1797 695 1835 mirandum
720 1796 824 1834 illud
852 1804 944 1848 post
963 1797 1192 1846 longiorem
1210 1792 1484 1846 parenthesin,
1511 1804 1590 1829 nec

108 1852 284 1890 inauditi
320 1853 481 1903 generis
520 1853 566 1891 in
603 1860 747 1893 nostro
779 1853 946 1905 quidem
988 1853 1201 1904 scriptore.
1242 1848 1349 1887 Vide
1389 1861 1511 1900 supra
1540 1845 1592 1885 ad

109 1906 256 1959 Imagg.
285 1922 319 1946 c.
354 1921 416 1948 11.
443 1907 590 1947 me.

219 1965 326 2002 Ead.
354 1964 381 2001 1.
415 1977 480 2004 10.
524 1960 610 2014 Τῆν
649 1962 799 2016 αὐτοῦ)
837 1964 1107 2015 Subintellige
1147 1962 1340 2012 πατρίδα.
1379 1959 1590 2011 Interpres

112 2020 229 2070 ’νίκην
257 2019 473 2068 subaudit,
505 2021 613 2071 quod
637 2034 722 2059 non
750 2021 898 2073 placet.
927 2020 1099 2059 GuYET.
1131 2018 1198 2058 Cf.
1225 2019 1292 2056 De
1316 2018 1408 2055 Dea
1433 2017 1527 2067 Syr.
1557 2028 1592 2052 e.

114 2078 181 2115 55.
210 2073 316 2128 ἄρας
345 2071 428 2115 α’πό
457 2074 536 2125 τῆς
562 2074 742 2126 ἑωῦτοῧ,
772 2089 946 2127 quorum
965 2076 1197 2114 versionem
1223 2073 1413 2111 Latinam
1442 2071 1590 2110 merito

113 2137 228 2170 taxat
256 2138 297 2168 et
326 2131 514 2169 emendat
540 2132 789 2182 Sellaeserus
817 2132 867 2169 ad
896 2133 946 2172 L.
977 2132 1061 2168 Bos
1089 2129 1251 2181 Ellipss.
1283 2143 1321 2181 p.
1350 2127 1448 2179 376.
1478 2128 1592 2166 Ver-

113 2187 236 2226 tcnda
264 2185 396 2224 enim:
423 2188 635 2238 profectus
664 2189 804 2233 domo,
836 2202 855 2224 e
882 2190 1042 2238 patrcLa.
1073 2187 1217 2227 mes.

121 2283 123 2285 ,
226 2243 335 2282 Eud.
364 2243 393 2280 l.
431 2241 494 2283 15.
523 2241 760 2293 Σκυθικῆς)
787 2244 853 2280 An
882 2240 1040 2293 ἥττης-ς
1086 2256 1156 2280 scu
1187 2240 1342 2293 potiUS,
1377 2236 1477 2290 ὅπερ
1505 2238 1592 2285 τοῖς

113 2294 307 2345 Σκύθαις
334 2293 461 2348 ἥττης·
489 2296 697 2351 ἐπιτίμιόν
725 2299 850 2339 ἐστιν.
881 2300 1049 2337 θυΥΕΤ.
1094 2298 1182 2336 Imo
1216 2296 1479 2336 retinendum
1516 2293 1593 2344 τῆς

115 2352 362 2404 Σκυθικῆς,
390 2355 465 2392 int.
497 2353 599 2406 γῆς,
630 2355 737 2406 quod
768 2355 953 2393 additum
977 2356 1125 2406 legitur
1155 2368 1188 2391 e.
1219 2367 1254 2404 g.
1288 2352 1488 2393 Ηενοείοί,
1514 2352 1588 2398 IV,

116 2412 182 2452 (31,
223 2411 277 2449 in.
315 2412 382 2447 De
417 2425 532 2448 more
576 2417 711 2449 autem
744 2410 1014 2461 Scytharum,
1063 2410 1249 2448 hostibus
1283 2408 1403 2446 victis
1443 2419 1587 2444 manus

117 2466 282 2504 dextras
326 2466 609 2518 praecidendi,
661 2468 857 2505 nonnulla
902 2467 1026 2505 tradit
1066 2465 1176 2505 idem
1217 2465 1451 2515 Herodotus
1487 2462 1588 2501 ibid.
1620 2509 1633 2515 ,

117 2535 228 2574 capp.
261 2523 326 2563 62.
357 2528 397 2559 et
428 2523 493 2562 (34.
523 2523 666 2560 Lm-m.

228 2578 331 2616 Ibid·
358 2574 608 2629 Ἐπιτίμιον)
631 2574 760 2618 Cous.
788 2593 911 2630 supra
932 2579 997 2616 De
1021 2577 1156 2615 Mero.
1186 2577 1317 2615 Cond.
1348 2590 1382 2616 e.
1412 2574 1452 2617 4.
1482 2575 1591 2615 med.

120 2632 259 2718 [Saltat.
290 2648 326 2675 c,
357 2635 396 2672 4.
424 2634 540 2673 lnsra
573 2635 760 2676 Caluum,
789 2635 844 2674 N.
885 2636 937 2677 T.
967 2634 1090 2673 Cred.
1131 2632 1171 2686 §.
1199 2635 1264 2672 26.
1294 2639 1336 2670 et
1365 2633 1525 2670 Saturn.
1557 2645 1590 2668 c.

131 2701 158 2726 k.
188 2704 219 2727 a.
249 2704 304 2730 m.
329 2692 486 2730 SOLAN.

192 2797 194 2802 Ι
231 2747 340 2797 I’ag.
368 2746 434 2789 68.
461 2748 487 2785 l=
515 2758 553 2790 2.
591 2746 879 2800 ,Τεθηγμὲνους
907 2743 1277 2800 παρεσκευασμένῳ
1300 2739 1400 2792 tofis·
1428 2738 1592 2796 λόγους)
