1788 3209
218 158 318 209 488
584 177 1338 210 ADNoTA'rioNEs

221 286 402 328 tionibus
441 293 529 336 est,
579 286 648 326 11ἰο
688 286 809 328 valde
847 287 985 354 sf'iget
1050 288 1157 328 Mox
1189 288 1299 329 idem
1341 286 1485 331 Codex
1525 290 1697 333 exhibet

223 343 378 395 φαῦλος
402 341 544 398 ῥήτωρ
571 341 807 410 γενόμενος,
835 347 893 382 sis
923 345 1059 383 malas
1087 354 1247 394 orator,
1285 360 1361 398 pro
1392 348 1557 399 vulgato
1587 347 1698 402 φαῦ-

220 404 290 447 λος
332 397 472 465 ρήτωο
509 397 766 466 φαινόμενος·
802 407 843 438 et
887 401 1023 452 piullo
1059 406 1156 439 ante
1192 401 1287 440 illae
1325 404 1584 443 membranae
1620 419 1697 456 pro

221 451 480 508 διηγησάμην
510 472 575 499 σοι
601 451 790 508 αγαθους
816 457 887 497 καὶ
911 457 1111 509 βεβαίους
1138 456 1296 509 φίλους,
1327 460 1526 511 scriptum
1556 466 1699 499 osten-
1738 502 1740 514 λ

223 511 328 550 dunt
357 508 549 564 αγαθοῦς
576 513 646 554 καῖ
669 513 881 566 γενναίους
911 513 1081 564 φίλους,
1120 521 1209 551 tam
1249 515 1373 553 bonos
1417 524 1457 554 et
1479 529 1699 568 generosos

221 570 393 608 amieo&
453 569 542 607 Nec
571 569 856 635 spernendum,
883 570 993 619 quod
1021 575 1218 627 sequente
1247 584 1336 622 pag.
1366 571 1412 609 in
1437 571 1517 610 hoc
1542 570 1699 610 Codice

219 623 395 675 legitur,
424 626 465 667 εἰ
491 620 658 675 ἆληθης
683 622 707 666 ὁ
737 621 991 691 κυβερνητης
1020 625 1127 670 ἐστὶ,
1170 639 1339 664 verume
1370 629 1465 679 quis
1484 628 1702 679 guberna-

221 688 286 719 tor
325 683 393 721 sit.
469 679 514 719 In
556 681 676 720 editis
718 688 779 718 est
819 677 1491 733 dya369.GuA13v.Versionem
1529 684 1701 721 Gesnm·

219 735 412 786 vulgatae
437 737 607 775 lectioni
637 752 763 784 αυτος
789 736 1135 776 accommodatam
1168 736 1278 789 quod
1311 739 1580 785 mutaverim,
1611 739 1704 777 Co·-

223 790 383 831 dicibus
411 807 457 831 ac
487 794 665 832 Graevio
695 794 935 841 obsecutus,
974 807 1023 832 eo
1064 794 1199 832 minus
1239 807 1359 846 aegre
1397 794 1529 845 seret,
1565 808 1701 847 spero,
1749 839 1750 842 Ἰ

223 861 306 900 quo
331 848 375 887 id
405 849 543 887 facere
573 850 684 887 soleo
712 850 855 887 rarius.
892 822 1045 887 R'Emz.

335 905 445 947 End.
476 906 503 943 l.
538 918 601 955 17.
627 904 872 956 Λιεξῆλδον)
915 904 1131 944 Indicativ.
1173 905 1244 943 ille
1280 920 1356 958 pro
1385 906 1592 958 subjunct.
1620 919 1705 945 non

224 960 352 999 semel
379 975 502 1025 supra
531 968 593 999 est
622 961 834 999 indicatus
891 961 948 999 Et
976 962 1110 1006 lector
1137 961 1174 999 ei
1211 962 1291 1013 jam
1321 962 1619 1011 estadsuetus,
1648 963 1704 1001 ita

224 1021 274 1053 ut
300 1018 525 1055 monitione
552 1023 693 1068 postea
722 1017 825 1055 nihil
852 1031 954 1069 opus
982 1017 1052 1058 sit
1110 1016 1208 1056 Vid.
1241 1023 1382 1056 notata
1419 1018 1469 1056 ad
1501 1020 1637 1058 Zeux.
1666 1031 1704 1061 c.

194 1087 197 1089 ’
227 1072 264 1109 5.
305 1071 529 1124 Ipsumque
568 1075 753 1112 Luciam.
788 1073 935 1113 Abdic.
973 1087 1012 1111 e.
1052 1074 1117 1112 31.
1157 1074 1218 1111 bis
1257 1079 1320 1111 ter
1361 1075 1420 1113 sic
1456 1071 1706 1126 loquentem.
1728 1080 1729 1085 ’

224 1124 295 1166 Ex
319 1128 454 1170 Lectt.
484 1130 621 1166 Jemii
649 1129 869 1167 Lucianeis
900 1143 940 1181 p
970 1130 1036 1168 28.
1071 1135 1227 1167 tantum
1257 1143 1384 1168 uuum
1415 1129 1571 1180 addam,
1597 1128 1708 1181 quod

225 1183 316 1233 ipse
345 1185 389 1222 in
419 1185 592 1222 auctimi
622 1186 848 1234 exemplali
878 1198 1001 1223 manu
1038 1199 1112 1223 sua
1135 1185 1285 1223 cete1is
1316 1185 1467 1238 adjecit
1495 1200 1551 1224 ex
1579 1188 1708 1226 Hom.

225 1239 274 1277 Il
308 1239 376 1290 N,
407 1251 503 1304 299.
533 1253 647 1291 seqq.
709 1240 806 1287 Οἷος
845 1241 888 1282 δὲ
924 1236 1219 1307 βροτολοιγός’
1218 1238 1350 1293 ’Λρης
1375 1237 1596 1293 πολεμόνδε
1634 1240 1711 1306 με’-

224 1310 360 1340 τεισι,
409 1294 481 1336 Τω
511 1295 552 1335 δὲ
584 1293 728 1345 Φόβος
767 1296 882 1348 φίλος
912 1292 1002 1343 υἷος·
1040 1314 1128 1348 αμα
1168 1294 1369 1362 κρατερός
1406 1299 1476 1339 καὶ
1520 1293 1712 1349 οἷταρβης

218 1345 425 1400 ”Eanum
454 1348 534 1398 ὅςτ’
563 1349 744 1404 ἐφόβησε
774 1348 1015 1404 ταλάᾳρονά
1043 1367 1120 1403 περ
1149 1349 1409 1404 πολεμιστην.
1468 1354 1554 1404 Qui
1580 1361 1711 1391 metus

212 1408 342 1456 filias
369 1409 529 1446 stlaztzs
568 1421 820 1447 TERREAT
859 1411 1130 1461 quantumvis·
1170 1410 1433 1459 impavidum
1462 1410 1711 1452 bellatorem.

225 1463 324 1502 Non
353 1473 501 1513 terret,
530 1469 576 1501 ut
605 1465 728 1514 vulgo
754 1466 946 1503 vertitur.
1005 1464 1148 1503 Unum
1173 1465 1346 1516 adjungo
1384 1479 1439 1504 ex
1475 1466 1712 1506 Herodian.

227 1519 295 1567 II,
321 1521 374 1569 3,
407 1532 470 1562 12.
498 1519 607 1573 ἄλλῳ
638 1521 713 1572 μὲν
742 1517 794 1561 ἂν
823 1538 883 1574 τῳ
917 1517 1080 1574 θάρσος
1116 1522 1189 1562 καῖ
1218 1522 1466 1574 προθυμίαν
1492 1520 1713 1574 ἐνέβαλλεν.

228 1577 528 1627 Aliumforsan
559 1578 826 1614 audaciorem
860 1586 984 1629 alque
1013 1579 1259 1615 alacriorem
1293 1578 1492 1627 redderet,
1521 1584 1635 1616 recte
1654 1577 1714 1615 ibi

227 1633 426 1674 vertitur,
502 1633 726 1670 Innumera
769 1633 919 1671 addere
957 1634 1104 1672 similia
1152 1634 1317 1682 liceret3
1366 1634 1438 1672 sed
1475 1647 1559 1672 non
1597 1633 1715 1672 decet

229 1702 320 1726 esse
346 1689 496 1726 nimios
525 1690 569 1726 in
594 1688 730 1727 hisce:
764 1703 839 1726 nec
864 1696 1002 1728 tamen
1028 1703 1191 1740 semper
1219 1691 1313 1728 talia
1342 1689 1462 1741 plane
1486 1689 1716 1741 praeterire

229 1744 293 1784 fas
322 1752 403 1792 est,
439 1746 533 1795 quia
560 1745 857 1795 interpretibus
887 1759 1008 1796 saepe
1036 1746 1175 1783 fraudi
1198 1745 1329 1784 suere.
1368 1746 1522 1787 Rm'rz.

341 1802 456 1851 Pag,
496 1813 560 1851 97.
598 1801 626 1838 l.
669 1813 705 1849 7.
741 1800 975 1853 Βεβαίους)
1022 1801 1238 1851 vulgatam
1276 1801 1482 1852 potiorem
1522 1802 1715 1848 arbitror,

231 1856 313 1894 etsi
357 1862 580 1908 utrumque
635 1862 751 1895 recte
805 1857 984 1905 dicitur,
1040 1856 1152 1908 quod
1199 1858 1403 1907 exemplis
1449 1857 1560 1896 haud
1613 1864 1717 1910 eget.

227 1911 384 1951 Rffl'rz.

343 1963 917 2019 Εα(ἰ.1.14.Φαινόμενος>
959 1969 1099 2020 Ipsum
1125 1968 1321 2020 marginis
1355 1969 1541 2007 Aldinae
1568 1968 1718 2010 vitium

231 2024 349 2077 juvat
374 2022 596 2062 lectionem
627 2023 705 2065 τοῦ
731 2021 993 2090 φαινόμενος
1026 2023 1176 2062 ΒΕΙΤΖ.

348 2082 461 2132 Pag.
501 2081 625 2134 98.1.
657 2081 723 2121 15.
759 2076 841 2121 Eu
888 2095 1031 2136 ειρηνη
1066 2079 1269 2140 βαθείᾳ)
1270 2080 1338 2119 Sic
1377 2095 1500 2133 supra
1523 2081 1567 2119 in
1595 2079 1722 2124 Alex:

235 2151 326 2189 cap.
356 2139 424 2177 51.
452 2137 522 2177 καῖ
547 2133 691 2189 εἰρήνη
718 2136 876 2188 βαθεῖα
904 2134 1009 2188 πρὸς
1031 2137 1215 2184 ἐκείνους
1242 2141 1309 2186 ἠν.
1375 2138 1615 2176 Herodian.
1644 2138 1720 2186 IV,

246 2207 321 2242 10,
353 2207 388 2233 1.
419 2190 592 2244 οὔσης
587 2191 743 2246 ‘lomna‘
771 2193 967 2247 βαθείας.
1022 2193 1115 2230 Alia
1146 2193 1197 2230 de
1225 2192 1305 2230 hoc
1339 2192 1544 2245 adjectiv.
1557 2193 1641 2232 vid.
1670 2193 1722 2231 ad.

239 2249 390 2289 Reviv
424 2264 511 2301 cap.
551 2247 620 2291 41.
655 2251 763 2289 Pisc.
802 2263 890 2301 cap.
924 2261 986 2289 12.
1023 2249 1075 2287 de
1111 2248 1295 2287 Merced.
1335 2263 1421 2301 cap.
1460 2250 1529 2293 25,
1572 2255 1615 2288 et
1650 2249 1721 2292 33.

241 2306 374 2345 ZeuX.
404 2320 490 2357 cap·
523 2307 560 2344 8
591 2320 635 2343 ac
667 2305 717 2344 de
747 2306 843 2342 Salt.
873 2319 906 2343 c.
938 2305 1006 2345 25.
1045 2304 1196 2346 Rm'lz

356 2364 470 2411 Pag.
504 2375 570 2425 99.
602 2359 1047 2415 1.3.“Υποχωροῦμεν
1075 2356 1287 2409 ἐπιόντας)
1330 2359 1445 2399 Itane
1471 2362 1608 2401 vero?
1653 2359 1721 2401 An
1764 2393 1767 2395 -

245 2424 361 2469 terga
390 2418 485 2456 dare
513 2420 569 2455 sic
598 2432 691 2455 suos
721 2418 844 2468 vulgo
874 2417 941 2455 1110
971 2418 1160 2456 fatetur?
1194 2418 1291 2455 Non
1319 2417 1457 2456 credo.
1516 2417 1627 2468 Quid
1649 2432 1721 2456 el·-

246 2488 325 2524 go,
355 2474 550 2525 inquies?
588 2474 734 2512 Dicam
766 2469 1054 2528 ἇποκρούομεν
1082 2474 1302 2525 scripserat
1329 2475 1568 2523 Lacianas,
1610 2473 1722 2526 quod

247 2528 370 2568 sacsse
400 2533 457 2570 sic
481 2535 684 2568 mutatum
714 2531 857 2570 suerit.
916 2531 997 2568 Sed
1036 2543 1124 2569 rem
1155 2543 1228 2580 ego
1265 2530 1307 2567 111
1345 2529 1480 2567 medio
1516 2530 1722 2581 relinquo,

248 2586 406 2624 SOLAN.
465 2586 563 2624 Non
593 2592 858 2637 opponuntur
885 2585 928 2625 h.
956 2587 986 2626 l.
1013 2586 1189 2626 victoria
1219 2591 1262 2623 et
1298 2585 1432 2623 clades
1449 2616 1461 2633 ‚
1489 2585 1561 2622 sed
1600 2588 1722 2624 inva-

245 2642 309 2679 sio
334 2643 377 2680 in
404 2647 558 2681 terram
582 2640 775 2681 hostilem
803 2649 843 2681 et
872 2655 1029 2693 pugnae
1061 2641 1228 2680 evitatio
1249 2654 1341 2679 cum
1363 2640 1478 2679 hoste
1499 2641 1722 2679 invadente

247 2697 291 2735 in
319 2697 473 2749 patrios
500 2698 627 2739 fines:
664 2703 706 2738 et
734 2697 811 2736 hoc
834 2698 1065 2751 posterius,
1093 2712 1134 2736 se
1161 2697 1396 2742 subducere,
1422 2711 1616 2749 pugnam
1642 2697 1720 2734 de-
