1788 3209
350 231 424 262 IN
490 229 724 264 Jovnn
796 230 1280 271 TRAGOEDUM,
1455 223 1550 270 611

72 341 276 382 audiebat.
305 340 432 382 Diall.
459 340 627 379 Merett.
657 340 776 379 XIV.
808 339 1089 379 Gubernatori
1118 340 1338 392 dignitate,
1367 351 1414 384 ut
1438 345 1550 386 inter

71 404 216 435 nautas
256 398 486 450 proximus.
550 397 773 434 Famulam
814 397 1110 445 gubernatoris
1157 406 1278 437 vocat
1314 401 1550 453 Xenophon

75 456 269 504 OI-xovou
326 454 425 491 Post
450 452 559 490 hunc
585 452 728 505 τοίχου
757 449 922 505 α’ρχων,
958 451 1009 490 de
1038 452 1153 505 cujus
1180 455 1313 493 officio
1342 456 1548 508 discepta-

70 515 151 547 tur.
192 508 303 548 Vide
340 509 615 547 Plut.1458
655 508 774 545 initio
814 508 902 545 sere
931 509 1041 545 vitae
1082 508 1250 559 Agidis,
1282 517 1324 549 et
1349 513 1542 576 Xenoph

69 559 220 630 Ayafi'.
249 563 300 606 V
330 577 371 615 p.
399 576 491 611 217.
519 565 584 601 25.
619 557 721 604 ὅταν
756 561 796 602 δὲ
826 560 982 615 χειμών
1022 557 1074 617 ᾗ,
1104 579 1179 630 ουχ
1207 562 1356 617 ὁρατε,
1384 563 1447 609 ότι
1475 569 1546 610 και

67 617 272 671 νεύματος
296 616 424 672 μόνου
454 621 571 661 ἕνεκα
601 619 834 687 χαλεπαίνει
865 620 943 684 μὲν
972 635 1163 672 πρωρευς
1198 623 1284 670 τοῖς
1305 623 1349 663 ἐν
1376 622 1542 679 πρώρᾳ,

67 676 306 731 χαλεπαίνει
334 676 376 716 δὲ
404 671 657 742 κυβερνητης
679 676 763 722 τοῖς
787 673 833 715 ἕν
859 670 1039 729 πρύμνῃ.
1068 677 1227 715 SoLAN.

180 732 289 772 Jbicl.
325 733 472 785 Τοῖχυυ
493 730 649 786 α’ρχων)
677 733 757 769 Hic
786 732 907 782 vulgo
929 731 1140 770 dicebatur
1164 733 1400 789 τοῖχαρχος
1431 736 1543 776 Vide

62 786 243 826 Suiclam
274 801 372 826 voce
408 788 648 852 Τοῖχαρχος.
674 787 866 827 ΚυεΤΕΒ.

176 844 284 881 Ead.
313 845 339 881 1.
371 844 433 886 14,
467 838 619 891 Ροῦν)
663 845 769 883 Ven.
813 851 986 895 utraque
1022 839 1134 884 νοῦν
1194 843 1396 897 Reliquae
1433 847 1540 887 Edd.

66 903 109 935 et
140 898 225 939 Ox.
264 897 377 950 ῥοῦν.
445 899 634 948 Quorum
672 906 894 965 unumque
937 899 1068 937 locum
1108 898 1176 937 hic
1213 899 1365 940 habere
1394 910 1543 954 potest.

10 961 11 964 ’
60 955 192 991 Plato
225 957 335 994 enim
368 972 406 997 κ.
435 953 537 997 νοῦν
563 951 723 1011 α’γωνιῃ
757 951 834 1005 τήν
870 954 985 1004 δίκην
1021 954 1210 1007 εο11Ρ51ῒ,
1249 956 1327 996 Ed.
1364 960 1465 998 Bas.
1498 974 1540 1012 p.

63 1021 101 1050 1.
130 1009 163 1050 s.
192 1011 348 1048 Sonam

171 1067 285 1117 Pag.
315 1068 408 1106 284,
447 1066 476 1107 1.
506 1079 540 1107 1.
584 1062 715 1109 Ουδέν
749 1061 940 1119 ἰσχυρόν)
977 1065 1058 1114 At,
1088 1065 1273 1119 inquies,
1302 1067 1538 1108 laudantem

20 1132 22 1136 ·
58 1120 180 1172 paulo
208 1129 300 1160 ante
327 1120 578 1160 inducebas?
634 1123 776 1168 Recte3
807 1136 882 1159 nec
921 1122 1074 1161 sactum
1105 1129 1230 1161 muto.
1289 1123 1424 1162 Tanto
1448 1139 1538 1165 ma-

58 1177 118 1226 gis
148 1176 323 1215 ridicule
349 1178 446 1216 haec
473 1178 666 1217 dicuntur
702 1192 722 1216 a
759 1179 874 1217 Jove.
934 1178 1023 1215 Nec
1055 1179 1225 1217 verbum
1256 1187 1536 1220 commutatu-

55 1245 125 1270 ros
155 1238 216 1269 sat
244 1234 349 1283 scio,
392 1234 537 1286 quibus
572 1235 633 1272 vis
665 1234 830 1271 comica
871 1241 965 1271 nota
996 1241 1065 1272 est.
1125 1235 1334 1273 Hactenus
1365 1235 1415 1274 de
1441 1239 1537 1275 Lu·-

54 1289 177 1326 cicmi
204 1297 360 1328 mente:
389 1304 476 1328 rem
505 1291 633 1341 ipsam
662 1303 769 1327 nuuc
799 1290 1032 1338 videamus5
1060 1289 1210 1340 pudeat
1233 1291 1340 1329 enim
1370 1298 1534 1332 tantum

60 1357 209 1396 operae
239 1345 282 1382 in
311 1346 468 1384 voculis
499 1345 775 1389 emendandis,
807 1344 1014 1395 elegantiis
1041 1345 1316 1392 restituendis,
1349 1348 1535 1387 obscuris

59 1399 315 1438 illustrandis
349 1402 552 1452 posuisse,
590 1415 722 1448 nunc,
764 1415 854 1439 cum
892 1414 1008 1438 causa
1041 1402 1173 1451 agitui
1219 1403 1455 1453 glavissinia
1492 1412 1535 1443 et

53 1457 443 1505 momentosissima‚
471 1472 668 1509 personae
695 1463 831 1495 mutae
861 1470 934 1509 p'n
939 1464 995 1494 tes
1023 1470 1157 1507 agere,
1187 1458 1337 1496 nedum
1364 1466 1412 1496 ut
1434 1473 1531 1498 cum

53 1508 154 1549 Jove
184 1510 391 1551 Lucianeo
417 1514 544 1552 risum
574 1519 780 1565 spectat01
784 1527 849 1550 um
891 1512 1130 1562 adaugeam,
1164 1513 1274 1564 quod
1304 1515 1424 1552 multi
1450 1514 1531 1552 ho·-

54 1565 126 1605 die
152 1568 365 1617 factitant,
394 1568 579 1607 homines
609 1571 784 1621 γέλωτος
816 1564 1129 1620 ακρατέστατοι,
1158 1569 1358 1613 Luciano,
1390 1576 1437 1608 ut
1461 1571 1530 1609 in-

51 1623 171 1673 genio
203 1625 400 1671 minores,
427 1625 481 1663 ita
511 1627 763 1663 sceltstioies
795 1627 949 1671 multo,
981 1638 1073 1662 cum
1104 1625 1144 1661 in
1177 1630 1286 1662 tanta
1318 1624 1531 1664 Christia-

50 1692 127 1716 nae
165 1681 348 1720 veritatis
388 1654 480 1718 luce
517 1694 598 1719 11011
635 1682 863 1719 caecutiant
901 1680 1046 1728 niodo,
1087 1680 1177 1727 sed,
1209 1679 1317 1731 quod
1344 1682 1530 1721 nefariae

48 1735 271 1785 impietatis
290 1750 491 1774 summum
517 1744 587 1784 est,
619 1737 738 1775 dictis
762 1737 1007 1788 scriptisque
1032 1735 1075 1773 id
1104 1749 1230 1773 unum
1260 1736 1388 1774 adniti
1410 1751 1530 1775 com-

47 1791 283 1841 periantu1·‚
313 1799 359 1830 ut
385 1792 595 1844 religionis
629 1793 894 1831 fundamenta
929 1798 999 1829 aut
1025 1791 1276 1838 convellant,
1316 1799 1383 1830 aut
1414 1793 1527 1831 Iudi-

49 1846 140 1884 brio
181 1848 245 1884 sui
281 1848 502 1896 similium,
539 1863 698 1887 summo
734 1855 905 1896 conatu,
948 1852 1168 1899 exponant.
1226 1848 1321 1895 Sic,
1351 1854 1397 1885 ut
1426 1849 1529 1886 alios

47 1903 256 1952 omittam,
284 1910 472 1954 repertus
497 1917 634 1955 nuper
660 1904 766 1956 apud
787 1905 941 1955 Anglos
975 1909 1138 1940 nostros
1155 1931 1166 1950 ‚
1205 1904 1275 1955 qui
1310 1904 1528 1942 immorta-

46 1958 203 1996 litatem
247 1960 503 2008 animarum,
552 1966 761 2012 totamque
804 1960 903 1997 adeo
946 1960 1186 2008 religionem
1237 1957 1526 2007 Christianam,

46 2013 207 2051 nefario
235 2016 465 2064 volumine,
495 2016 589 2052 dum
618 2016 734 2066 fingit
761 2029 803 2052 se
833 2016 956 2052 morti
986 2027 1067 2052 non
1097 2013 1323 2051 obnoxium
1352 2015 1396 2051 111
1424 2029 1525 2052 coe-

45 2069 132 2106 lum
162 2069 401 2108 translatum
430 2070 509 2117 iri,
539 2071 769 2108 scommatis
800 2070 1006 2121 perpetuis
1036 2069 1084 2106 ab
1118 2083 1196 2107 ovo
1233 2076 1279 2108 ut
1308 2071 1423 2119 ajunt
1454 2084 1522 2107 us·-

47 2139 125 2175 que
156 2125 206 2161 ad
231 2126 353 2172 mala,
380 2126 552 2164 rideret:
590 2126 713 2164 homo
744 2128 787 2163 in
819 2126 1017 2163 Hibernia
1047 2125 1249 2175 primum,
1291 2122 1441 2163 deinde
1479 2132 1524 2164 et

46 2180 89 2217 111
130 2179 275 2231 Anglia
314 2181 477 2220 tandem
517 2188 696 2222 notatus.
752 2181 832 2218 Sed
872 2180 936 2218 his
968 2181 1129 2227 missis,
1162 2194 1263 2231 quae
1293 2180 1412 2218 dolor
1442 2194 1520 2218 ex—

45 2236 190 2283 torsit,
221 2236 270 2274 ad
296 2239 536 2275 Lueicmum
559 2239 637 2289 jam
663 2237 890 2278 redeamus.
950 2236 1135 2274 Damidis
1159 2237 1352 2273 adversus
1374 2237 1521 2286 provi-

46 2291 223 2330 dentiam
254 2299 585 2343 argumentorum
615 2299 696 2331 tota
723 2295 784 2331 vis
814 2294 855 2330 in
891 2307 937 2330 eo
966 2301 1040 2335 est,
1069 2291 1178 2342 quod
1209 2291 1252 2328 in
1281 2292 1402 2329 rebus
1435 2290 1521 2330 hu-

45 2348 174 2384 manis
199 2349 315 2385 bonis
351 2355 395 2386 ut
423 2350 643 2400 plurimum
674 2350 778 2387 male
807 2355 888 2397 est,
929 2348 1042 2385 malis
1082 2349 1197 2386 b'ene,
1259 2348 1376 2396 Quae
1404 2348 1516 2385 enim

44 2403 120 2440 alia
150 2403 269 2441 affert
295 2412 552 2454 argumenta,
599 2411 667 2442 aut
696 2419 769 2443 nos
811 2404 1063 2442 Christianos
1093 2416 1175 2441 non
1214 2408 1411 2454 tangunt,
1449 2409 1520 2441 aut

43 2460 162 2509 parvi
192 2459 408 2498 admodum
440 2463 638 2498 momenti
673 2467 782 2498 sunt.
835 2460 883 2498 Id
914 2467 1050 2497 autem
1082 2459 1198 2509 quale
1228 2460 1278 2496 sit
1309 2471 1520 2509 expensu-
1561 2468 1564 2471 ·

44 2527 138 2562 JuS,
183 2528 302 2566 quam
339 2517 470 2568 inepti
507 2517 666 2567 judices
706 2518 910 2554 bonorum
948 2516 1230 2577 malmumque
1271 2515 1395 2551 simus
1443 2526 1518 2550 nos

45 2567 364 2616 homunciones,
406 2572 514 2624 quod
554 2572 807 2610 Christianus
844 2577 1060 2635 poteram,
1101 2584 1185 2607 non
1212 2570 1289 2621 jam
1316 2581 1518 2618 regeram.

44 2625 101 2661 At
130 2633 176 2663 ut
203 2627 334 2665 facilis
373 2627 489 2674 dem,
532 2629 661 2666 bonos
703 2641 812 2676 esse,
853 2629 896 2665 in
936 2628 1082 2679 quibus
1120 2624 1345 2663 honestatis
1365 2597 1517 2675 baliqua.

46 2681 198 2730 species
229 2689 312 2732 est3
353 2684 410 2721 ita
451 2685 570 2721 bonis
599 2685 705 2721 male
740 2698 844 2730 esse,
888 2683 921 2720 si
959 2696 1045 2720 rem
1081 2681 1160 2718 rite
1198 2687 1410 2732 putemus,
1439 2693 1517 2716 ne-

47 2749 272 2789 quaquam,
301 2736 486 2792 plurimis
516 2739 566 2780 de
594 2739 748 2790 causis,
776 2739 906 2792 iisque
932 2737 1200 2791 gravissimis,
1230 2736 1515 2776 concesserim.

1089 2793 1170 2850 Ωιι
1203 2807 1225 2836 2
