1788 3209
464 245 545 275 IN
642 241 1113 273 IMAGINES.
1429 223 1528 274 431

63 355 234 406 :implius
257 354 331 392 ulli
355 356 446 393 usui
464 356 627 394 futurus
647 360 773 399 esset,
800 358 846 392 ut
867 352 1000 404 repeti
1022 366 1114 390 eum
1143 350 1185 392 h.
1212 351 1242 390 l.
1260 364 1426 391 necesse
1445 365 1533 390 esse

63 411 286 451 videretur.
313 411 471 460 Quodsi
493 419 626 450 tamen
657 412 746 462 quis
769 409 996 455 desideret,
1029 406 1274 459 ablegandus
1306 408 1342 446 is
1373 408 1452 446 erit
1479 407 1533 446 ad

61 468 354 513 mazzanam,
382 469 449 505 vel
474 469 770 519 Bipontinam,
801 465 977 502 Luciani
1012 463 1256 514 editionem,
1296 464 1363 502 vel
1394 464 1536 516 potius

62 522 112 560 ad
141 523 274 573 ipsum
309 522 491 570 sontem,
538 524 673 560 Jensii
708 521 930 560 Lectiones
967 519 1222 564 Lucianeas,
1273 532 1313 572 p.
1345 518 1440 571 509.
1470 533 1533 572 sq.

57 578 221 627 'Li-:mio
243 579 379 630 Atque
403 578 477 617 hae
509 579 672 630 quidem
696 584 790 616 sunt
817 590 900 614 non
929 575 1226 614 contemnendo
1259 588 1433 613 numero
1454 589 1533 614 vo—

64 647 131 670 ces
150 635 191 671 iu
212 633 394 672 Luciano
413 641 553 673 nostro
567 664 580 682 ,
605 649 702 686 quas
721 634 959 684 exsignare,
989 630 1097 682 sugit
1127 630 1380 682 diligentiam
1398 633 1534 669 Henr.

62 689 282 739 Stephani.
338 691 394 728 At
413 692 521 729 enim
541 691 668 728 multa
694 690 761 728 hic
787 695 883 727 sunt
915 701 967 726 ex
989 684 1235 738 Lexiphane
1261 688 1380 726 allata
1401 700 1537 725 voca-

61 745 179 794 bula,
211 760 313 797 quae
342 747 408 783 vel
438 743 712 800 α’ρχαῖζοντα,
741 753 780 784 ct
813 745 931 797 plane
961 743 1166 787 obsoleta,
1200 743 1268 781 vel
1296 738 1536 793 κακοζήλως

60 800 157 838 ficta
177 801 271 839 sint.
331 801 412 839 Sed
431 803 640 840 sciendum
653 832 663 849 ‚
693 816 773 840 non
795 801 920 852 magis
937 800 1008 838 illa
1027 798 1215 837 debuisse
1235 800 1399 850 negligi,
1413 812 1536 850 quam

58 852 344 909 Ἐπιβύστρα,
381 856 575 906 Εὕλεξις,
610 855 892 909 Ἀποκομάω,
928 852 1240 908 Ἐμβρυὸόχος,
1276 850 1536 908 Εὗρυχαδὴς,

5 936 6 939 =
58 909 299 953 Βαυκαλοῖω
321 914 363 951 in
381 927 482 952 voce
491 911 695 967 Βαυβοῖω,
713 911 980 967 Λακκοσχεάς
998 914 1041 950 in
1063 925 1166 950 voce
1175 907 1359 958 Λάκκος,
1378 907 1538 963 Ἀκρο-

57 965 252 1019 κυματόω
268 999 282 1016 ,
307 965 611 1022 Ἀκρουρανιά,
641 978 682 1008 et
705 971 815 1009 sorte
838 970 982 1020 plura,
1010 981 1111 1020 quae
1139 980 1193 1005 ex
1217 967 1305 1005 solo
1336 966 1416 1005 hoc
1437 968 1537 1004 [ιιι-

60 1026 181 1061 ciani
199 1026 338 1063 libello
359 1026 533 1064 adduxit
555 1027 663 1065 idem
686 1026 824 1077 Sleplz.
854 1025 1002 1076 Neque
1021 1023 1111 1076 quis
1135 1023 1366 1071 obduxerit,
1387 1022 1537 1060 multas

58 1078 127 1116 hio
164 1081 309 1119 itidem
349 1094 374 1118 a
409 1083 528 1120 nobis
575 1080 752 1134 prolatas
793 1095 881 1119 esse
916 1094 1061 1128 voces,
1099 1079 1237 1131 quales
1275 1079 1484 1129 analogice
1513 1092 1539 1116 a

58 1136 244 1184 quolibet
268 1137 396 1174 verbo
423 1138 581 1188 possint
606 1137 800 1186 formari,
826 1137 956 1175 veluti
980 1134 1327 1189 Μεμετρημένως,
1363 1136 1537 1188 Τεθαῤ-

56 1185 266 1242 ῥηκότως,
293 1197 334 1229 et
366 1193 504 1242 plures
534 1195 621 1245 ejus
651 1201 771 1245 atque
802 1193 904 1231 alius
941 1194 1111 1242 generis.
1172 1192 1340 1229 Etenim
1368 1204 1445 1228 cur
1468 1196 1537 1228 ta-

55 1246 110 1283 lia
134 1248 267 1285 minus
299 1250 431 1287 notari
459 1251 692 1298 merentur,
732 1264 851 1301 quam
879 1245 1202 1300 Μεμελημὲνως,
1241 1245 1538 1299 Μεμετρισμέ-

56 1317 163 1350 νως,
190 1310 231 1340 et
259 1303 334 1340 alia
362 1312 555 1343 sexcenta
581 1306 761 1344 similia?
806 1306 922 1344 JENS.
952 1305 1091 1342 Verba
1118 1304 1189 1341 illa
1216 1303 1394 1351 rariora,
1432 1316 1536 1353 quae

55 1358 221 1395 Jensius
248 1360 410 1407 attulit,
439 1374 610 1399 numero
641 1362 691 1399 ad
720 1368 884 1399 centum
918 1366 959 1398 et
998 1361 1319 1411 quinquaginta,
1357 1357 1537 1396 indicata

55 1420 173 1450 eraut
198 1413 247 1450 ad
275 1428 386 1455 num.
414 1430 525 1467 pagg.
552 1417 631 1458 Ed,
660 1418 785 1454 Salm.
812 1417 900 1454 Nos
929 1422 1065 1454 autem
1089 1430 1135 1452 ea
1163 1416 1212 1453 ad
1240 1416 1372 1466 capita
1399 1428 1430 1453 s,
1454 1427 1535 1463 pa-

53 1468 273 1520 ragraphos
302 1471 378 1508 Ed.
408 1479 571 1511 nostrae
599 1472 1016 1520 accommodavimus,
1044 1485 1128 1509 non
1157 1472 1244 1509 sine
1270 1471 1426 1523 aliquot
1452 1468 1534 1507 ho-

54 1537 194 1564 rarum
225 1525 324 1563 satis
355 1528 527 1565 molesto
558 1529 709 1568 labore.
738 1529 889 1568 RmTZ.

166 1580 272 1618 Ead.
301 1582 328 1620 1.
356 1583 395 1624 8.
424 1584 604 1640 ,Χρυσεῖῃ
633 1584 729 1636 etc.)
758 1586 930 1626 Homer,
958 1582 1004 1622 Il.
1035 1584 1068 1632 I,
1100 1584 1194 1635 3892
1222 1583 1379 1621 SOLAN.

165 1635 277 1675 Eacl.
307 1639 333 1676 1.
365 1652 425 1677 11.
459 1637 520 1682 Οὐ
548 1642 675 1692 δέμας
700 1640 803 1689 etc.)
827 1642 956 1680 Hom.
983 1640 1030 1678 11.
1054 1640 1115 1687 A,
1149 1640 1238 1678 115.
1269 1639 1431 1676 SOLAN.

165 1694 279 1744 Pag·
307 1705 375 1745 27.
402 1695 429 1732 l.
460 1696 500 1736 4.
521 1692 664 1748 ‘'Ooqi)
694 1697 809 1734 Insra
843 1695 938 1733 Pro.
978 1697 1127 1746 Imagg.
1157 1709 1190 1733 c.
1230 1696 1300 1732 23.
1332 1695 1473 1733 Somn.
1499 1701 1535 1734 s.·

57 1746 167 1786 Gall.
198 1762 235 1786 c.
262 1751 327 1787 24.
358 1749 387 1788 s.
419 1757 461 1789 et
491 1751 669 1804 Philops.
704 1765 764 1803 19.
791 1751 823 1791 s.
849 1752 1008 1790 SOLAN.
1031 1750 1155 1790 Cons.
1177 1764 1299 1802 supra
1323 1756 1459 1787 notata
1482 1750 1534 1788 ad

53 1816 88 1839 c·
122 1815 183 1852 17.
212 1803 366 1845 Rm'rz.
395 1807 685 1846 praecedentia
711 1808 838 1846 verba
866 1809 1077 1846 sanissima
1104 1807 1284 1844 maxima
1312 1806 1356 1845 vi
1385 1819 1534 1843 corru-

49 1863 167 1920 ,ptum
194 1860 270 1898 ivit
298 1863 338 1900 J.
364 1863 593 1914 SecegeruS,
629 1866 686 1901 sic
715 1863 794 1914 legi
820 1864 1009 1914 cupiens:
1035 1861 1296 1914 μονιμωτέρα
1322 1859 1422 1914 γοῦν
1449 1859 1535 1901 τῶν

62 1914 257 1978 Annam&
288 1918 359 1957 καὶ
387 1939 440 1946 ·—
469 1940 523 1949 —
551 1917 705 1971 γένοιτ’
735 1917 788 1961 ἂν
818 1916 950 1969 αὕτη·
980 1916 1083 1961 κατ’
1117 1920 1246 1960 ἐκεῖνο
1285 1913 1401 1969 napo?
1427 1913 1534 1959 πολῦ

51 1985 138 2009 των
166 1968 366 2013 τοιούτων
395 1975 690 2028 κεχαρισμένη,
717 1974 802 2028 ὅσῳ
833 1981 910 2013 etc.
939 1976 1044 2017 Nam
1074 1971 1159 2028 ὅσῳ
1178 1975 1259 2027 jam
1286 1973 1420 2021 habet,
1450 1987 1533 2024 (1¹¹0

49 2025 285 2086 reseratur,
314 2026 434 2081 παροῖ
462 2027 587 2071 πολύ·
614 2039 655 2070 et
683 2029 784 2072 κατ’
812 2031 963 2076 ἐκεῖνο,
997 2031 1199 2083 siquidem
1226 2029 1394 2067 omnino
1421 2029 1532 2079 leges

49 2079 212 2130 hnguae
243 2087 550 2135 permitterent,
579 2094 625 2125 ut
654 2087 704 2124 ad
732 2083 816 2140 ὅσῳ
843 2087 1097 2135 referretur,
1136 2091 1250 2124 certe
1276 2084 1531 2136 superfluum

50 2143 166 2174 esset.
225 2138 407 2178 Omnino
445 2154 546 2178 vero
585 2156 667 2180 non
708 2144 834 2180 sensit
869 2142 1074 2194 Seagerzcs
1113 2141 1338 2179 sententiae
1375 2141 1461 2178 vim
1489 2145 1531 2177 et

49 2192 235 2241 gratiam,
263 2209 365 2245 quae
394 2197 433 2233 in
455 2196 551 2248 ipsis
575 2197 656 2235 illis
680 2199 833 2248 verbis,
863 2211 966 2249 quae
992 2204 1137 2242 tentat,
1167 2198 1285 2235 inest.
1313 2196 1398 2237 Καὶ
1420 2191 1530 2246 αὖτῆ

48 2246 185 2297 ἐκείνη
213 2251 322 2287 enim
353 2258 413 2289 est
449 2253 580 2303 imago
619 2254 743 2292 modo
773 2255 822 2293 ab
853 2255 992 2293 amicis
1025 2254 1210 2305 depicta,
1252 2265 1333 2290 non
1360 2252 1528 2303 quidem

47 2302 176 2340 relata
203 2303 253 2341 ad
280 2305 436 2357 Apellis
469 2315 783 2362 ceterorumque
805 2309 1007 2348 artificum
1028 2323 1174 2361 opera3
1213 2308 1270 2346 sic
1299 2309 1407 2347 enim
1429 2321 1526 2345 sane

47 2357 222 2420 absurda
262 2363 463 2401 existeret
497 2367 720 2415 sententia3
766 2365 838 2404 sed
878 2366 929 2403 ad
963 2367 1120 2418 ipsam,
1162 2365 1279 2417 cujus
1321 2363 1421 2402 haec
1463 2368 1527 2401 est

47 2425 203 2464 xmagO,
230 2416 466 2457 Pantheam.
524 2421 676 2459 Verte:
714 2425 869 2473 qnippe
902 2436 1006 2474 quae
1045 2431 1084 2459 et
1115 2424 1210 2472 ipsa
1242 2422 1346 2468 (non
1376 2420 1523 2467 minus,

49 2481 168 2519 quam
195 2470 396 2526 Panthea)
435 2477 610 2513 multum
634 2492 741 2528 prae
774 2480 862 2515 illis
902 2480 1074 2529 gratiae
1104 2477 1277 2525 habeat,
1320 2485 1524 2527 quatenus

47 2525 209 2564 scilieet
229 2534 305 2565 etc.
340 2528 533 2569 Ceterum
556 2545 638 2569 non
668 2534 853 2581 diffiteor,
882 2535 925 2571 in
946 2533 1025 2571 hoc
1047 2532 1369 2585 exquisitissimo
1391 2531 1523 2569 libelli

46 2578 129 2616 fine
158 2594 223 2620 me
250 2584 454 2624 offendere
484 2588 608 2625 verba
629 2591 794 2641 βιβλίον
814 2590 1097 2642 καταθέμενοι
1125 2603 1208 2627 non
1231 2601 1311 2625 una
1332 2585 1382 2624 de
1402 2601 1522 2625 caus-

47 2646 215 2698 saz-nec
253 2646 353 2690 puto
383 2655 649 2695 quemquam,
687 2647 721 2684 si
757 2646 862 2685 illud
901 2648 1016 2699 quasi
1052 2645 1239 2685 scholion
1270 2644 1449 2693 abesset,
1477 2641 1522 2680 id

46 2690 369 2737 dcs1deraturum
397 2712 497 2741 esse.
540 2700 686 2741 Lanu.
