1788 3209
201 193 298 239 582
565 207 1317 245 Anno'rArionns

198 317 332 357 verti:
371 318 430 356 At
466 319 592 360 enirm
656 319 796 360 Facile
831 334 966 374 nunc,
1004 322 1174 375 opinor,'
1209 320 1312 376 quid
1353 323 1516 378 Jupiter
1555 324 1678 373 dicat,

202 375 413 413 sentietur.
443 375 589 416 LisnM.

313 432 426 480 qu.
453 429 550 469 244.
578 431 603 468 1.
636 444 670 472 ι.
699 428 1065 481 Ἐπεξελεύσεσθαι
1094 430 1144 476 τό
1168 432 1346 488 σκέμμα)
1376 434 1458 475 Pro
1486 435 1553 475 his
1579 450 1681 477 ver-

201 486 265 523 bis
291 487 334 523 in
371 483 409 524 Ρ.
437 492 479 523 et
509 487 563 528 O.
603 486 898 540 ἱπισκοπήσειν
936 485 1008 532 τᾶν
1036 487 1168 544 λόγον.
1226 493 1309 531 Sed
1339 491 1445 532 nihil
1472 500 1610 545 muta,
1639 503 1681 535 et

202 542 348 580 confer
377 542 523 580 Bacch.
552 557 588 584 c.
619 556 655 591 7.
689 545 847 583 SOLAN.

315 598 425 638 Eacl.
455 598 482 639 l.
509 600 548 639 3.
583 596 697 653 Hap'
724 596 894 654 αὐτοῦς)
922 603 972 642 In
1004 602 1105 642 Cod.
1137 604 1219 643 Ox.
1248 602 1396 644 Iacuna
1425 610 1486 644 est
1508 618 1586 657 pro
1614 602 1683 645 his

205 653 357 691 verbis.
387 654 546 694 SOLAN.
1249 666 1253 667 ⁷

318 708 427 748 Eacl.
456 710 482 747 l.
515 724 580 752 10.
606 711 736 763 Σφῶν
764 711 922 766 αὐτῶν)
952 714 1166 755 Glossema
1193 715 1374 755 videtur.
1404 714 1577 756 Gan‘r.

318 764 425 806 End.
449 765 478 806 1.
513 780 575 808 11.
607 765 788 822 ”Λτιμα)
817 771 863 810 P.
895 767 1102 822 α’τίμητα,
1141 771 1211 809 sed
1239 786 1322 809 non
1350 772 1493 824 placet.
1523 773 1682 812 SOLAN.

207 818 489 860 Nihilominus
518 826 693 875 praetuli
726 828 776 863 ob
809 826 1009 865 Codicum
1039 841 1296 868 consensum.
1326 829 1472 869 LEnM.

319 878 432 927 Pag.
463 879 558 918 245.
587 881 612 918 l.
640 880 679 923 5,
708 877 783 923 Ἐκ
813 882 888 923 τοῦ
914 879 1057 933 νόμου)
1084 884 1280 921 Formula
1303 885 1486 936 sequitur
1507 884 1551 922 in
1578 897 1684 922 con-

205 930 390 970 cionibus
416 930 602 974 adhiberi
622 938 761 988 solita5
794 953 913 992 quam
935 939 1057 978 habet
1085 940 1236 978 iterum
1266 940 1385 978 initio
1407 940 1529 979 Cone.
1553 940 1683 980 Deor.

204 986 362 1028 SOLAN.

317 1044 424 1083 lhid.
453 1041 771 1100 ’Λνιστοῖμενοὼ
810 1050 876 1089 De
905 1051 1050 1089 rostris
1079 1057 1149 1088 aut
1173 1057 1362 1102 suggestu
1386 1050 1491 1090 nihil
1519 1050 1588 1090 hic
1610 1065 1684 1090 au-

206 1095 291 1146 dis3
321 1101 431 1138 unde
462 1104 667 1155 conjicere
698 1112 781 1153 est,
821 1120 904 1144 non
944 1121 1105 1158 semper
1129 1122 1175 1145 ea
1202 1107 1405 1156 adhibita,
1432 1107 1503 1146 sed
1532 1114 1683 1148 sfantes

205 1158 364 1192 tantum
395 1159 612 1197 conciones
641 1160 842 1201 habuisse.
881 1163 987 1200 Vide
1018 1169 1060 1201 et
1092 1161 1214 1201 Cone.
1241 1164 1366 1201 Deor.
1396 1177 1430 1203 c.
1459 1177 1492 1202 1·
1522 1165 1684 1206 SOLAN.

322 1210 428 1253 Eacl.
457 1213 480 1250 l.
513 1215 550 1252 8.
586 1219 758 1256 Τελείων
787 1217 921 1269 θεῶν)
950 1219 1034 1256 Alii
1063 1217 1141 1256 hoc
1170 1220 1288 1257 aliter
1313 1219 1565 1270 intelligunt.
1593 1220 1682 1270 Ego

206 1262 258 1301 de
284 1272 415 1305 aetate
444 1269 782 1321 intelligendum,
813 1287 860 1310 eo
891 1274 1146 1323 potissimum
1174 1274 1370 1313 inductus
1400 1288 1557 1324 censeo,
1589 1276 1685 1327 quia

205 1321 344 1370 paullo
374 1330 488 1375 post,
520 1339 553 1362 c.
587 1327 654 1369 26.
712 1328 947 1380 Apollinem
973 1329 1119 1377 audio,
1148 1331 1392 1368 sententiam
1422 1330 1513 1379 sibi,
1540 1337 1685 1381 utpote

204 1375 382 1427 juniori,
419 1393 503 1419 non
531 1382 658 1420 licere
681 1398 756 1435 pro
785 1386 980 1424 concione
1011 1385 1158 1424 dicere.
1217 1386 1361 1438 quue
1390 1399 1511 1423 sensu
1537 1399 1685 1426 vocem

204 1434 354 1482 passim
396 1439 586 1488 usurpari
620 1446 778 1479 notum.
813 1440 905 1478 Vid.
942 1442 1134 1492 .Xenoplc,
1180 1441 1331 1492 Cyrop.
1372 1442 1488 1482 VIII.
1515 1456 1557 1493 p.
1594 1443 1685 1483 135.

205 1488 277 1528 55.
303 1492 420 1528 Plul.
457 1492 603 1534 τέλειον
643 1491 806 1546 ἱμάτιον
848 1511 924 1548 pro
963 1506 1063 1549 toga
1105 1499 1224 1536 virili
1264 1504 1433 1549 usurpat
1456 1499 1499 1536 in
1528 1498 1685 1540 Anton.

205 1541 314 1582 Vide
350 1548 472 1586 etiam
509 1550 712 1590 Nostrum
763 1553 888 1593 Cone.
926 1554 1054 1591 Deor.
1098 1567 1133 1594 c.
1176 1567 1212 1594 1·
1251 1559 1293 1591 et
1331 1555 1394 1594 15.
1460 1554 1686 1595 Facessivit

205 1605 342 1640 tamen
371 1602 471 1641 haec
504 1619 589 1644 vox
625 1609 832 1657 negotium
861 1610 963 1647 viris
993 1609 1115 1647 etiam
1147 1609 1413 1648 doctissimis:
1440 1610 1551 1648 inter
1579 1624 1682 1662 quos

205 1656 250 1695 S.
282 1658 449 1696 Petita-s
478 1658 529 1699 de
559 1661 847 1703 emendatione
877 1679 1000 1709 mox,
1029 1671 1077 1703 ut
1107 1665 1174 1713 fit,
1203 1666 1424 1715 cogitavit,
1454 1679 1602 1718 nempe
1632 1671 1684 1704 ut

205 1723 310 1749 Voce
347 1728 426 1753 una
463 1717 507 1754 in
549 1718 646 1756 duas
686 1720 888 1765 disiuncta
923 1736 997 1773 pro
1037 1721 1193 1762 τελείων
1233 1721 1306 1759 fiat
1345 1737 1388 1761 τε
1414 1721 1544 1762 λείων.
1602 1720 1685 1759 Sed

205 1766 361 1806 frustra
389 1772 583 1810 sollicitat
615 1777 884 1825 scripturam:
928 1784 1039 1815 recte
1071 1779 1181 1815 enim
1211 1777 1346 1819 habet.
1415 1777 1563 1818 Τέλειοι
1591 1777 1687 1818 θεοὶ

204 1823 398 1862 Luciam>
428 1828 457 1865 ii
498 1836 615 1877 sunt,
654 1831 801 1881 quibus
836 1846 911 1882 per
937 1839 1109 1870 aetatem
1144 1835 1368 1871 sententiae
1398 1832 1596 1871 dicendae
1619 1834 1686 1884 jus

204 1877 352 1930 sasque
389 1890 460 1922 est.
518 1885 645 1923 Ridet
689 1888 798 1925 enim
837 1888 1030 1938 quosdam
1077 1889 1191 1925 Deos
1229 1889 1343 1926 velut
1371 1889 1480 1926 infra
1506 1890 1683 1926 Senato-

206 1935 307 1973 riam
339 1945 527 1979 aetatem.
585 1942 641 1978 Et
678 1943 771 1993 quia
804 1958 889 1980 mos
931 1943 1037 1995 apud
1076 1943 1345 1982 Athenienses
1376 1945 1609 1992 obtinebat,
1638 1949 1685 1983 ut

205 1992 363 2030 nemini
403 1996 570 2045 triginta
605 1999 719 2035 annis
757 2000 909 2037 minori
949 1999 1114 2050 publice
1152 2000 1298 2037 liceret
1340 2000 1503 2045 dicereg
1553 2000 1608 2037 ita
1643 2005 1686 2038 et

205 2045 316 2085 inter
353 2049 466 2088 Deos
500 2053 664 2090 silentio
704 2067 773 2091 eos
818 2054 1000 2092 damnari
1036 2056 1193 2103 voluit,
1247 2056 1317 2106 qui
1354 2057 1441 2094 sive
1480 2055 1686 2094 imberbes

205 2101 363 2150 adhuc,
409 2120 483 2146 seu
508 2109 583 2146 alia
612 2109 664 2147 de
702 2123 821 2147 causa
849 2111 898 2148 ad
929 2118 1101 2148 aetatem
1128 2111 1294 2149 virilem
1324 2111 1506 2150 nondum
1536 2125 1686 2162 perve-

205 2158 316 2197 nisse
363 2162 445 2200 rite
492 2167 651 2203 censeri
702 2174 903 2217 poterant.
973 2168 1210 2204 Sententiae
1257 2174 1420 2205 nostrae
1460 2167 1684 2206 firmandae

206 2226 327 2255 causa
358 2220 525 2258 unicum
554 2220 664 2259 hunc
699 2224 872 2273 amplius
901 2223 1174 2273 Cluysoszoma·
1197 2224 1330 2261 locuni
1359 2223 1503 2260 addam
1530 2224 1684 2261 Homil.

205 2268 328 2310 XIX.
359 2274 407 2311 ad
431 2276 529 2326 Pop,
557 2276 750 2318 Antioeh,
791 2293 826 2329 p.
854 2293 907 2320 m.
938 2279 1026 2319 185.
1055 2291 1093 2321 2.
1115 2283 1154 2319 οἱ
1178 2280 1259 2319 υἱοὶ
1283 2275 1360 2331 κᾷν
1380 2276 1550 2332 εὐγενεῖς
1572 2275 1686 2327 ὦσιν,

207 2319 287 2368 οἷσι
323 2329 365 2370 δὲ
397 2325 552 2378 α’τελεῒς
591 2329 764 2380 πολλοὺς
795 2333 878 2375 τῶν
915 2331 1072 2376 δούλων
1107 2335 1325 2376 δεδοίκασι.
1380 2337 1520 2374 Alium
1548 2340 1686 2373 tamen

205 2395 400 2434 sensum,
432 2401 551 2439 quem
583 2390 649 2427 vir
677 2390 976 2429 eruditissimus
1008 2391 1103 2428 huic
1133 2392 1228 2430 voci
1258 2392 1425 2440 tribuit,
1457 2391 1553 2429 dum
1585 2391 1686 2428 Cal-

206 2439 434 2479 limaclmm
461 2452 648 2489 enarrat,
683 2446 715 2482 si
744 2447 877 2495 lubet,
918 2447 1028 2486 vide.
1058 2447 1221 2487 SOLAN.
1276 2449 1412 2485 Petita·
1438 2447 1685 2485 levissimam

207 2496 482 2547 conjecturam
512 2501 591 2550 jam
623 2502 770 2539 merite
799 2504 993 2553 rejectam
1025 2502 1163 2542 videas
1193 2503 1237 2541 in
1265 2504 1406 2541 Misco.
1439 2503 1559 2543 Obss.
1586 2500 1683 2542 Vol.

206 2550 259 2589 V.
289 2567 328 2602 p.
369 2556 458 2605 178.
486 2556 634 2598 laisum.

319 2610 429 2649 Eacl.
471 2610 499 2652 l.
543 2625 605 2654 11.
641 2609 752 2654 'Am'
788 2611 903 2664 ἡμεῖς
934 2614 1030 2666 μὲν)
1066 2610 1179 2656 Ἀλλ’
1215 2611 1331 2666 ύμεῒς
1368 2612 1451 2664 μέν.
1489 2611 1684 2653 ΪΜΑΗΟΙΒ-

207 2656 314 2703 Ἀλλ’
340 2660 454 2717 ὑμεῖς
479 2667 554 2718 μὲν
582 2664 750 2719 πάντες)
775 2671 899 2721 Apud
927 2673 1156 2708 Homerum
1202 2677 1243 2708 et
1269 2672 1312 2708 in
1343 2670 1395 2710 O.
1423 2665 1586 2716 πάντες.
1634 2669 1683 2706 ln

210 2721 396 2758 omnibus
431 2723 638 2774 impressis
679 2721 871 2773 ἅπαντες.
909 2728 1066 2767 SOLAN.
1104 2728 1272 2765 Ilomer.
1314 2724 1365 2768 Il,
1403 2729 1465 2772 H,
1497 2740 1561 2777 99.
1615 2725 1683 2762 Ex
