1788 3209
490 223 578 254 IN
676 219 1153 254 IMAGINES.
1460 204 1556 254 427

90 334 182 373 dam
217 334 294 374 sibi
332 334 546 386 proponit,
587 346 674 372 esse
708 333 788 384 jam
827 331 1084 371 Colossiaeae
1126 331 1437 383 magnitudinis3
1484 347 1562 371 nec

90 391 188 430 dum
227 392 337 430 enirn
377 391 599 428 exsistebat
634 390 704 427 illa
741 390 884 439 imago.
940 391 996 426 At
1033 388 1076 425 id
1106 389 1218 428 vult:
1259 391 1562 441 Praeterquam

91 447 203 498 quod
225 448 302 484 illa
333 448 497 499 quidem
519 445 730 497 (Aspasia)
761 447 808 482 in
828 458 967 494 parva
994 444 1140 482 tabula
1163 447 1286 495 picta
1315 453 1428 493 erat,
1458 445 1561 482 llaec

90 516 182 539 vero
223 502 400 553 (imago,
447 516 566 553 quam
605 515 677 550 ego
714 501 896 553 pingam)
941 500 1196 538 Colossiaeae
1235 503 1292 538 sit
1335 501 1425 545 (vel
1458 499 1562 551 esto)

89 558 394 608 magnitudinis,
451 557 687 608 Legendum
723 557 861 607 itaque
901 552 1017 596 ἔστω.
1070 556 1215 593 Posset
1245 561 1286 593 et
1331 554 1444 597 ἔσται
1470 557 1569 605 legi,

88 619 137 651 ut
163 615 320 660 statim,
356 611 412 668 τῇ
448 614 624 666 Διοτίμᾳ
661 611 724 660 δὲ,
764 608 839 664 οὐχ
879 607 908 651 ἂ
931 605 1164 662 Σωκράτης
1199 607 1391 667 ἐπῄνεσεν
1421 606 1562 660 αὐτήν,

90 669 248 710 ἐοικυῖα
275 667 401 712 ἔσται.
458 670 550 708 Nisi
588 668 735 707 etillic
769 666 870 708 ἔστω
911 668 964 706 sit
1003 667 1322 706 emendandum:
1362 669 1420 705 sic
1450 669 1562 706 enim

90 725 288 762 continuo
316 727 372 763 ibi
401 726 607 778 sequitur,
638 720 806 774 τοιαύτη
836 739 903 765 σοι
932 723 1002 764 καῖ
1029 719 1154 772 αὕτη,
1191 718 1226 762 ὦ
1248 724 1426 772 Λυκῖνε,
1455 719 1563 763 α’να-

86 779 243 820 κείσθω
271 776 300 831 ἦ
320 777 453 823 εἰκών.
513 782 579 819 Sic
605 786 647 819 et
678 794 765 832 pag.
798 794 931 831 praec.
958 780 1094 818 suerat
1121 780 1305 828 locutus,
1330 777 1434 820 πᾶσι
1464 775 1564 819 τού-

88 852 181 882 τοις·
208 831 236 886 ἦ
267 833 384 878 εἰκών
407 834 698 890 κεκοσμήσθω.
762 837 819 875 Et
846 837 890 875 in
920 835 1094 874 eundem
1122 834 1288 872 modum
1316 836 1464 886 passim
1496 834 1566 872 hio

88 891 366 941 Polystratus:
393 907 469 932 nec
500 894 619 931 aliter
649 894 806 943 potuit;
847 893 997 944 qnippe
1040 891 1109 943 qui
1145 890 1331 928 Luciano
1366 890 1568 940 significat

91 947 236 986 ordine
274 950 436 999 omnia,
475 963 578 1001 quae
613 948 713 987 huic
750 948 1071 1001 perfectissimae
1110 947 1298 997 imagini,
1340 960 1441 997 quae
1466 959 1568 984 vere

92 1002 257 1041 demum
298 1012 534 1049 venustam,
575 1004 820 1051 formosam,
861 1010 901 1042 et
928 1004 1117 1041 omnibus
1145 1003 1270 1040 animi
1297 1001 1570 1054 corporisun

90 1059 314 1097 virtutibus
345 1061 643 1099 ornatissimam
673 1060 867 1099 exhibeat
888 1059 1099 1102 feminam,
1128 1059 1210 1096 sint
1240 1057 1480 1108 affingenda.
1517 1056 1569 1096 In.

87 1114 200 1165 Flor.
229 1115 311 1154 Ed.
341 1116 463 1155 video
495 1116 609 1157 ἐστιν
639 1130 804 1165 cusum,
842 1115 952 1168 quod
985 1115 1181 1152 nimirum
1211 1113 1332 1151 facile
1373 1126 1427 1151 ex
1463 1111 1573 1154 ἔσται’

87 1178 332 1221 corruptum
363 1178 435 1210 est.
495 1173 755 1212 Praetermisi
778 1171 1075 1223 ineptissimam
1103 1169 1224 1222 hujus
1251 1170 1332 1207 loci
1360 1169 1567 1220 vulgatam

86 1238 320 1276 proponere
347 1228 755 1281 interpretationem:
785 1242 878 1266 nam
907 1241 959 1265 ne
987 1225 1136 1276 inspici
1172 1226 1337 1277 quidem
1369 1231 1566 1274 meretur,

88 1279 189 1319 adeo
230 1283 277 1320 ab
321 1290 456 1322 mente
492 1285 671 1322 auctoris
710 1291 769 1322 est
805 1285 917 1321 omni
954 1281 1076 1320 modo
1119 1281 1252 1320 devia.
1293 1281 1411 1319 JENS.
1468 1280 1567 1320 Non

86 1342 191 1387 puto
222 1352 322 1389 opus
352 1353 462 1388 esse,
501 1346 549 1377 ut
577 1339 659 1380 ἐστὶ
687 1346 889 1378 mutemus
914 1338 957 1376 in
995 1334 1110 1378 ἔστω.
1167 1336 1355 1388 Respicit
1382 1336 1491 1374 enim
1519 1349 1568 1377 re,

88 1392 179 1441 ipsa
208 1393 462 1444 Polystratus
488 1409 571 1433 non
599 1403 681 1435 tarn
713 1395 763 1433 ad
793 1395 1010 1445 imaginem
1039 1407 1165 1443 suam,
1198 1406 1317 1444 quam
1347 1405 1446 1442 prae
1476 1405 1568 1428 nia-

87 1448 211 1486 nibus
242 1446 378 1499 habet,
410 1465 651 1503 quamquam
672 1451 777 1489 hanc
802 1451 1001 1499 nominat,
1032 1463 1151 1501 quam
1180 1448 1230 1486 ad
1258 1449 1391 1498 ipsum
1420 1460 1568 1486 exem-

87 1505 226 1553 plum,
264 1506 509 1551 Pantheum,
549 1508 657 1558 quod
695 1508 908 1560 sequentia
945 1506 1042 1543 satis
1079 1511 1220 1556 aperte
1259 1504 1494 1551 declarant,
1521 1503 1568 1544 in,

91 1560 238 1611 quibus
267 1561 475 1601 indicandi
505 1562 626 1601 modo
656 1565 715 1601 uti
743 1564 888 1615 pergit.
919 1562 1052 1602 GnsN,

202 1619 314 1667 Pag.
344 1629 412 1657 22.
442 1617 472 1658 ].
500 1620 537 1656 5.
570 1615 737 1667 Θεανώ)
767 1620 833 1656 De
862 1617 938 1655 hac
973 1617 1143 1658 Theano
1173 1614 1444 1667 Pythagorica
1469 1615 1568 1651 Me·-

90 1673 247 1722 nagius
277 1672 375 1723 quid
404 1674 639 1724 collegerit,
670 1674 792 1713 habes
820 1675 864 1712 in
888 1671 1055 1717 libello,
1095 1686 1215 1724 quem
1247 1672 1297 1709 de
1323 1670 1569 1708 mulieribus·

95 1727 364 1778 Plailosoplzis
399 1730 575 1780 scripsit.
633 1730 889 1781 Pythagorae
912 1744 1076 1766 uxorem
1113 1728 1214 1765 dicit
1254 1728 1385 1777 Diog.
1428 1725 1569 1765 Lae'rt.

89 1796 127 1833 p.
161 1781 252 1822 224-
287 1783 335 1825 C.·
375 1785 686 1833 Nosterfiliam
716 1787 852 1824 facere
882 1785 1059 1833 videtur,
1088 1785 1254 1823 Amorr.
1278 1796 1312 1821 c,
1336 1783 1403 1820 30.
1442 1781 1569 1831 Apud

87 1839 204 1875 Plut.
234 1841 329 1885 247.
357 1841 391 1881 I.
425 1839 504 1878 hoc
535 1841 690 1880 dictum
720 1843 805 1894 ejus
828 1842 963 1879 fertur
984 1840 1139 1878 dicenti
1170 1839 1352 1886 cuidam,
1391 1833 1515 1882 καλός
1545 1834 1569 1876 ὅ

90 1891 240 1945 πῆχυς.
281 1891 365 1935 ἀλλ’
399 1892 450 1937 ου’
489 1894 698 1949 δημόσιος.
759 1897 878 1935 Adde
914 1896 1121 1947 Porphyr.
1160 1895 1243 1937 No.
1280 1907 1343 1946 19.
1386 1899 1428 1931 et
1470 1893 1570 1932 Not.

89 1953 145 1987 At
176 1950 242 1987 hie
281 1951 445 2003 quidem
486 1953 709 1991 Pausaniae
745 1959 916 1991 matrem
955 1952 1173 2002 intelligit,
1213 1951 1328 2002 qu'us
1354 1948 1571 1987 historiam

92 2005 201 2056 apud
227 2008 486 2056 Polyaenum
515 2008 639 2046 habes
668 2009 793 2050 Strat.
821 2008 939 2047 VIII.
968 2021 1005 2058 p.
1037 2007 1132 2046 630.
1162 2008 1322 2048 SoLAN.

202 2062 313 2100 Eacl.
341 2063 368 2099 l.
401 2063 440 2102 6.
470 2064 673 2115 Διοτίμα)
702 2064 797 2102 Vid.
824 2061 1016 2104 Eunueh‚
1045 2076 1081 2104 c.
1107 2076 1145 2112 7.
1165 2063 1284 2103 Plat,
1311 2059 1570 2111 Συμπ.»557.

93 2113 140 2154 C.
166 2115 231 2153 Ab
250 2116 325 2154 hac
349 2118 534 2156 Socrates
557 2119 752 2156 amatoria
774 2133 816 2157 se
836 2119 1024 2156 didicisse
1044 2118 1129 2156 illic
1152 2117 1381 2169 profitetur.
1409 2117 1570 2156 SOLAN.

203 2173 310 2209 End.
339 2173 364 2210 l.
396 2174 432 2210 8.
459 2169 524 2215 ‘II
543 2170 711 2226 Σαπφώ
739 2175 781 2215 δὲ
809 2171 904 2228 etc.)
934 2175 1047 2212 Haec
1076 2177 1266 2211 Luciam*
1295 2173 1443 2220 verba,
1475 2184 1570 2209 cum

93 2229 323 2276 praemissis
349 2227 470 2278 hujus
498 2231 642 2281 capitis
673 2230 882 2280 versibus,
907 2230 1147 2279 fragmentis
1176 2227 1364 2280 Sapphus
1392 2227 1571 2264 inseruit

94 2283 230 2332 [Volsl
263 2297 299 2334 p.
336 2283 424 2322 104.
453 2285 485 2324 s.
516 2287 667 2326 anrz.
722 2286 847 2334 Quod
884 2286 927 2323 in
958 2284 1121 2337 Sappho
1149 2299 1245 2336 prae
1275 2285 1363 2322 aliis
1391 2284 1572 2322 virtuti·-

92 2337 170 2374 bUS
205 2338 419 2383 laudatur,
455 2336 502 2381 zo*
539 2337 750 2394 γλαφυρᾶν
787 2340 863 2392 τῆς
899 2342 1202 2394 προαιρέσεως,
1242 2340 1285 2378 id
1326 2339 1569 2380 bVelekeras

94 2394 138 2430 in
167 2393 334 2443 libello,
362 2393 466 2433 iiber
494 2397 680 2448 Sappho,
708 2411 750 2449 p.
775 2400 839 2437 80.
867 2399 977 2448 capit
1014 2397 1065 2435 de
1094 2398 1311 2435 sententiis
1341 2410 1372 2435 s.
1393 2394 1567 2444 judicio

95 2448 344 2498 (Gedanken
375 2452 457 2489 und
484 2452 733 2503 Ansichten)
763 2455 987 2505 reprobans
1014 2453 1174 2504 priores
1205 2452 1418 2491 versiones
1445 2450 1570 2488 Lati-

94 2517 186 2542 nas:
217 2507 437 2544 institutae
471 2510 581 2545 witae
609 2510 920 2555 jucunditatem
947 2508 1014 2558 (ut
1040 2509 1275 2559 Obsopoeus
1294 2506 1496 2557 reddidit)
1525 2511 1570 2543 et

97 2560 288 2599 Get-neri.-
326 2564 438 2600 m'tae
465 2564 745 2614 elegcmlc'am;
784 2579 903 2616 quam
939 2566 1061 2602 etiam
1094 2565 1369 2604 Wtelandizcs
1395 2575 1569 2613 expres-

97 2614 171 2652 sit:
212 2622 252 2652 at
288 2623 402 2655 recte
439 2618 482 2656 hi
525 2619 689 2671 quidem
720 2621 990 2672 interpretes,
1046 2622 1303 2672 Προαίρεσιν
1327 2619 1569 2656 Lucicmzcm

100 2671 220 2708 etiam
252 2671 301 2709 de
329 2675 440 2712 vitae
465 2690 613 2726 genere
648 2682 688 2714 et
725 2690 881 2714 moram
917 2676 1064 2714 habim
1103 2689 1322 2726 usurpare,
1360 2679 1568 2712 testantur

100 2725 188 2763 loca
214 2726 280 2763 De
313 2727 442 2771 Mero.
485 2730 616 2771 Cond.
657 2746 692 2771 c.
729 2733 770 2773 4.
809 2732 943 2783 Fugit.
976 2746 1012 2772 c,
1058 2730 1120 2772 15.
1157 2745 1193 2772 e.
1219 2745 1251 2769 a.
1308 2730 1401 2769 Hoc
1428 2727 1566 2768 autem
