1788 3209
241 221 339 267 526
612 227 1350 263 ADNOTA'rioNEs

238 341 346 387 λύειν
383 337 570 385 ἐκέλευον
607 344 686 381 etc.
723 339 774 378 ab
808 337 1064 392 sequioribus
1101 339 1293 380 ultimum
1328 338 1435 382 illud
1470 340 1546 386 καὶ
1581 345 1711 390 abest.

236 404 352 442 Jnss.

348 455 457 497 E'asl
482 454 512 496 1
543 452 581 491 6
608 447 786 493 Μαθων
813 445 886 493 οὖν
910 446 976 492 ὅτι
1003 447 1101 492 ἄλλο
1130 448 1314 504 ἒβόων)’
1312 449 1480 502 Ἀλλως,
1510 456 1708 509 ματαίως.

241 514 433 553 MAncm.
465 507 627 555 ”Αλλως·
675 514 716 545 et
762 521 834 559 ego
868 508 1175 559 plaetulissem,
1215 510 1250 546 si
1283 516 1514 556 constaret,
1555 515 1710 552 Pelleta·

239 569 486 619 scripturam
512 579 566 603 ex
594 563 766 616 Codice,
804 577 888 601 non
926 577 981 602 ex
1021 564 1280 615 conjectura,
1319 580 1421 605 esse.
1479 567 1534 606 Et
1563 583 1709 620 quam·-

238 638 360 677 quam
388 622 431 660 id
460 635 544 659 non
571 626 754 664 constat,
794 626 928 658 tamen
966 619 1024 657 sic
1062 619 1220 658 dedisse
1247 623 1486 661 Lucianam
1513 624 1707 673 arbitror,

237 686 281 718 et
310 677 473 730 pristini
501 677 748 727 interpretes
779 677 860 727 jam
885 680 1126 720 verterunt,
1169 677 1281 728 quasi
1317 675 1451 726 ἄλλως
1486 679 1707 726 legeretur,

235 735 474 777 1eddentcs,
504 732 619 770 nihil
641 746 737 784 ergo
760 731 986 782 p70ficz'ens
1012 732 1194 770 radendo
1220 738 1295 771 etc.
1328 747 1421 772 nam
1449 734 1486 772 si
1512 732 1606 776 ἄλλο
1631 750 1710 774 ex..

235 792 418 844 primere
444 788 711 833 studuissent,
742 787 945 825 debebant
978 787 1087 837 dale,
1114 797 1303 852 exp-erbas
1332 798 1469 827 autem
1501 805 1562 828 me
1587 792 1712 830 aliud

235 848 343 900 qued
370 848 573 890 clamare,
603 858 729 896 quam
757 844 869 907 quod
891 844 1125 891 1olae7am,
1152 846 1238 881 sive
1267 845 1465 894 alienum,
1493 848 1711 885 insolitum

236 903 354 956 qnid.
409 903 550 940 Potest
578 906 714 938 tamen
742 906 783 937 et
813 895 907 940 ἄλλο
936 899 1050 951 quasi
1078 871 1262 937 adverbii
1291 914 1406 939 more
1429 902 1606 952 positum
1637 917 1708 940 ac-

234 960 342 1010 cipi,
372 965 419 997 ut
447 956 551 995 illud
580 956 705 994 aliud
732 956 837 1007 quid
862 955 970 993 idern
996 956 1059 1004 sit,
1088 961 1210 1007 atque
1238 957 1362 993 alzter
1389 957 1585 1003 elamam‘,
1617 959 1707 998 scil.

235 1029 358 1067 quam
385 1014 590 1063 solebam,
618 1012 828 1059 volebam3
865 1011 1040 1062 ideoque
1067 1011 1236 1049 lectoris
1264 1012 1480 1050 albitrium
1510 1020 1598 1051 esto
1629 1015 1709 1053 eli-

233 1071 382 1121 gendi,
423 1069 522 1120 quid
560 1069 689 1106 malit
726 1068 877 1105 ΙῖΕΙΤΖ.
955 1066 1073 1105 Nihil
1110 1073 1171 1105 est
1210 1067 1277 1105 hic
1314 1069 1490 1107 arbitrii.
1548 1070 1709 1119 Quodsi

231 1125 330 1168 ἄλλο
367 1126 538 1177 legitur,
576 1123 685 1176 quod
729 1130 840 1161 certe
877 1123 975 1161 libii
1012 1122 1061 1160 ad
1096 1137 1223 1161 unum
1259 1138 1399 1161 omnes
1435 1125 1708 1177 suppeditant,

233 1190 319 1221 est:¹
344 1181 466 1220 allud
492 1181 616 1232 quid,
660 1180 750 1219 scil.
781 1193 901 1231 quam
930 1178 1039 1230 quod
1066 1180 1110 1216 in
1143 1180 1279 1217 animo
1308 1186 1419 1227 erat,
1456 1182 1708 1224 clamabam.-

232 1239 393 1276 Similia
419 1249 549 1287 prope
579 1240 702 1278 sunt,
743 1249 870 1298 quae
873 1235 999 1274 Diall.
1025 1235 1155 1275 Marr.
1182 1248 1227 1283 1,
1267 1235 1303 1272 4.
1333 1234 1568 1275 habentur:
1609 1234 1706 1278 ἄλλο

232 1293 305 1347 μὲν
334 1288 463 1338 αὐτός
490 1289 627 1342 βοων,
652 1287 749 1331 α’λλο
777 1289 818 1330 δὲ
842 1285 870 1340 ἦ
901 1287 1007 1342 λύρα
1033 1286 1191 1344 ὑπήχει·
1230 1291 1280 1329 de
1313 1305 1489 1343 quorum
1527 1293 1707 1332 lectione

228 1350 344 1388 nulla
369 1354 504 1399 potest
529 1361 616 1385 esse
641 1346 1041 1387 dubitatio,Lm1M.

341 1404 602 1444 Ead.l,11
617 1397 748 1450 ,Ωςτε
775 1400 915 1452 ἔστην)
943 1402 1001 1439 03
1030 1400 1130 1439 dicit
1158 1402 1273 1440 asino
1300 1401 1431 1441 fuisse
1447 1403 1614 1442 vinculo
1632 1417 1705 1442 oc-

230 1462 406 1506 clusum,
436 1474 489 1499 ne
518 1466 692 1510 tempus,
720 1459 827 1511 quod
856 1460 948 1496 viae
973 1457 1294 1508 impendendum
1323 1465 1425 1507 e1at,
1452 1459 1634 1511 pabulo'
1622 1473 1706 1498 im-

228 1517 449 1569 pendeiet,
481 1521 524 1554 et
550 1515 707 1553 tardius
734 1514 994 1566 procederet:
1033 1510 1136 1561 ω’ςτε
1162 1512 1286 1564 ἔστην
1309 1509 1425 1562 τότε,
1466 1514 1537 1555 καὶ
1565 1514 1706 1568 ἔζιιεινα

206 1571 348 1622 “ὅνος,
381 1577 560 1624 jamque
590 1581 690 1609 tune
716 1573 834 1614 steti,
866 1572 1090 1621 asinusqzte
1119 1574 1269 1610 mansi.
1326 1568 1548 1620 Quomodo
1579 1574 1705 1622 stetit,

228 1644 321 1668 cum
353 1635 567 1679 tantopere
594 1626 864 1679 properaret'?
919 1625 1053 1675 Lege,
1093 1620 1195 1672 dieze
1235 1624 1336 1678 ἔβην
1372 1624 1492 1675 τότε,
1529 1636 1618 1665 tum
1643 1630 1705 1666 sic

227 1687 416 1723 obturato
444 1699 509 1721 ore
535 1684 819 1733 procedebam
860 1682 1026 1720 GnAEv.
1048 1677 1178 1729 ’.Ωςτε
1205 1682 1247 1729 ἐς
1271 1700 1349 1732 την
1381 1678 1485 1732 τότε,
1516 1697 1573 1723 sc.
1602 1681 1705 1734 ἦμέ-

225 1757 316 1793 ραν,
347 1740 589 1778 emendabat
617 1740 731 1778 Gisb.
759 1740 879 1775 Koen
905 1738 954 1775 ad
970 1739 1136 1789 Greow.
1163 1738 1213 1776 de
1226 1740 1336 1779 Dial.
1366 1754 1408 1792 p.
1443 1740 1505 1777 13.
1534 1745 1705 1778 notante

223 1799 388 1837 Belc'no.
418 1795 657 1835 Verissime.
693 1795 786 1834 ΒΗ».
824 1793 973 1845 Neque
1005 1800 1144 1832 tamen
1183 1796 1412 1845 Bipontini
1451 1795 1706 1835 admiserunt

222 1853 502 1904 conjecturam
542 1852 836 1900 certissimam,
886 1864 989 1900 quae
1027 1855 1069 1886 et
1121 1851 1247 1888 trium
1289 1850 1420 1890 Codd.
1460 1851 1705 1890 auctoritate

222 1909 504 1947 confirmatur.
565 1908 839 1946 IVielanclizcs
868 1904 1171 1944 desideraverat
1199 1905 1266 1943 hic
1302 1907 1544 1944 sententiam
1579 1906 1705 1945 talem

222 1965 340 2003 seie:
369 1965 523 2002 vidisse
550 1963 728 2001 Lucium
758 1962 802 1999 in
830 1961 897 1999 via
925 1975 1060 2010 rosas;
1087 1975 1190 2012 quae
1218 1962 1252 1998 si
1276 1963 1426 2013 scripta
1454 1963 1502 1999 ab
1534 1967 1704 2000 auctore

222 2020 423 2070 fingatm,
462 2025 550 2057 tum
575 2019 739 2056 demum
770 2018 898 2056 verba
932 2018 1144 2068 sequentia
1181 2013 1278 2063 dieze
1310 2038 1360 2045 ——
1391 2015 1487 2065 ὄνος
1525 2015 1704 2081 intelligi

223 2091 355 2142 posse.
395 2074 522 2113 Aliud
549 2075 631 2112 loci
657 2074 989 2139 supplementum
1015 2073 1275 2110 commendat
1300 2074 1565 2111 C'ozarierias:
1597 2068 1702 2121 ὡςτε

224 2134 266 2179 ἒς
293 2148 372 2182 την
400 2127 492 2172 τότε
519 2144 591 2184 γε
602 2129 773 2170 ἔπειίων
803 2144 852 2169 ου
874 2124 1027 2180 μόνος,
1059 2142 1161 2180 quae
1187 2135 1446 2180 opponantur
1488 2129 1702 2180 sequenti-

221 2190 320 2227 bus:
352 2188 440 2228 ἕπει
469 2187 511 2228 δὲ
539 2182 761 2238 κατελυομε
769 2203 802 2234 v,
835 2188 873 2225 οἱ
900 2185 973 2236 μὲν
995 2182 1197 2237 ηοίςτων,
1228 2181 1307 2237 ἐγω
1336 2185 1378 2225 δὲ
1403 2183 1584 2226 ἐπείνων
1614 2182 1702 2225 Vix

223 2244 369 2292 credo,
398 2244 498 2282 haec
530 2244 729 2293 cogitasse
756 2243 947 2283 Lucium,
1006 2242 1192 2292 Simplex
1217 2243 1418 2279 sententia
1459 2248 1544 2279 est.
1584 2241 1702 2291 capi-

223 2308 355 2338 strum
384 2300 681 2351 impedimento
709 2299 862 2345 fuisse,
900 2312 980 2349 quo
1018 2298 1152 2335 minus
1187 2298 1290 2335 rosis
1332 2297 1538 2336 devoratis
1572 2295 1701 2349 (quod

222 2357 345 2395 facile
374 2357 550 2405 intelligi
577 2353 730 2406 potest)
760 2355 958 2392 asininam
994 2360 1182 2392 naturam
1223 2359 1410 2396 exueret.
1488 2353 1556 2392 De
1591 2353 1701 2391 same

221 2413 405 2451 nondum
434 2413 701 2462 cogitabatm.
740 2411 886 2452 LEHM

333 2469 442 2508 E.acl
469 2464 894 2519 1.12.Καταλὺομεν
925 2464 1002 2515 εἰς)
1030 2465 1139 2504 Alias
1166 2471 1271 2503 amat
1300 2461 1516 2506 καταλύειν
1544 2461 1613 2512 ἒν,
1651 2469 1700 2504 ut

223 2537 345 2572 mox,
378 2531 420 2563 et
445 2538 480 2563 6
511 2521 578 2562 46.
611 2530 652 2561 et
679 2524 788 2562 alibi.
848 2523 927 2561 Sed
958 2523 1070 2564 cons.
1098 2522 1148 2560 ad
1184 2536 1219 2559 c.
1265 2535 1300 2562 1.
1339 2523 1395 2568 εἷς
1432 2537 1481 2561 τα
1512 2515 1698 2562 ‘'Ynazoe.

223 2579 341 2617 Adde
401 2582 576 2619 Arriam.
641 2578 724 2627 IV,
793 2580 854 2618 16.
905 2593 944 2631 p
997 2580 1090 2630 1.74ι
1147 2578 1179 2618 f.
1230 2579 1287 2626 εἰς
1334 2571 1522 2629 φυλακήν
1571 2574 1700 2629 dxcv-¹

220 2634 370 2676 Rm'rz.

335 2693 441 2729 Ead.
470 2691 500 2732 l.
533 2691 598 2734 13.
627 2686 882 2743 Καταλῦιιν)
911 2689 997 2734 Καὶ
1023 2689 1093 2730 hic
1120 2690 1257 2729 deesse
1285 2687 1463 2729 videtur.
1511 2685 1595 2731 Καῖ
1619 2702 1699 2730 κα-

221 2743 385 2789 ταλύειν
414 2754 491 2788 etc.
518 2748 671 2787 Placet.
716 2749 888 2788 Gm-nrr.
