1788 3209
550 209 632 241 ιΝ
705 208 1124 242 TOXARIN.
1475 197 1571 246 467

221 316 330 357 Ead.
357 315 385 356 l.
414 320 477 361 15.
505 315 742 370 Λυσῖωνος)
778 319 845 357 Sic
874 319 1000 360 Salm.
1033 325 1089 357 et.
1116 319 1217 358 Βαεζ
1245 318 1288 360 4.
1316 333 1414 372 quas
1443 325 1573 362 secuti

101 389 255 415 sumus.
311 374 417 413 Edd.
450 383 620 425 ceterae,
652 382 756 414 teste
783 377 958 424 Reitzio,
985 370 1204 424 Λύσωνος.
1261 377 1357 416 Vid.
1388 384 1494 419 nott.
1523 380 1574 418 ad

101 446 188 483 cap.
221 442 284 472 12.
345 432 425 470 Sed
452 439 504 475 et.
544 434 588 471 in
627 433 797 470 Gesneri
822 432 1023 480 versione,
1050 445 1127 483 pro
1154 435 1328 483 Lysone,
1353 434 1574 484 Lysionem

99 486 398 539 rescripsimus.
434 489 523 527 Bu».
1070 527 1073 537 ,

212 544 320 584 Ead.
348 544 374 581 l.
408 557 468 593 17.
509 540 820 592 Ἐξεκεκένωτο)
871 540 915 586 Ρ.
958 547 1011 582 ef.
1050 541 1103 583 L.
1140 550 1266 586 recte.
1325 542 1369 582 ln
1404 543 1574 598 reliquis

99 597 324 648 ἔξεκὲνωτο.
350 600 507 639 SoLAN.
563 600 756 638 Dandum
785 598 862 637 hoc
892 600 1044 636 Solane
1084 611 1129 636 ac
1156 600 1254 637 Mss.
1284 600 1443 639 duobus
1472 616 1574 652 pro-

100 656 176 694 bae
204 661 328 693 notae
357 656 603 705 existimavi,
630 662 676 694 ut
702 657 783 708 jam
813 653 1072 706 augmentum
1097 654 1303 703 adderem,
1336 657 1444 708 quod
1463 658 1571 701 Edd.

96 723 182 748 :non
212 713 504 761 agnoscebant3
545 711 722 764 alioqui,
754 713 787 749 si
811 712 930 750 modo
961 724 1067 748 unus
1094 710 1195 751 Cod.
1222 710 1453 760 habuisset,
1487 728 1570 752 non

98 765 362 807 addidissem.
422 767 516 807 Vid.
543 782 665 820 supra
695 768 743 806 ad
769 761 1070 820 συγκεκρότητο
1101 780 1135 804 e.
1172 767 1236 807 13.
1265 767 1296 809 f.
1327 768 1482 808 Rm'rz.
1522 770 1572 807 In

99 819 395 875 συγκεκρότητο
425 824 618 862 omissum
650 830 736 862 erat
766 830 1050 874 augmentum3
1087 821 1158 860 sed
1188 824 1231 860 in
1260 822 1475 870 ἐξεκένωτο
1504 838 1577 862 re-

97 878 322 928 duplicatio
350 880 475 927 deest,
504 895 605 932 quae
631 880 675 917 in
698 879 777 917 hoc
806 881 932 918 verbo
954 879 1094 917 deesse
1111 892 1195 916 non
1218 878 1400 923 debebat.
1427 880 1574 929 Quod-

97 934 133 972 si
164 934 272 974 Edd.
300 934 498 974 haberent
523 936 792 984 ἐκκεκένωτο,
820 935 960 974 eadem
990 948 1085 973 sane
1111 948 1177 972 res
1207 941 1310 972 esset
1339 935 1380 973 h.
1407 936 1435 973 l.
1470 949 1577 987 quaes

97 1003 185 1040 cap.
218 991 283 1032 13.
313 993 516 1041 agebatur.
572 993 694 1031 Nunc
723 1006 822 1030 vero
850 991 1000 1030 vitium
1028 991 1335 1041 grammaticum
1357 990 1572 1038 ἔξεκένωτο

95 1044 282 1084 REITzio
312 1048 434 1086 etiam
464 1054 550 1086 tum
582 1056 667 1086 erat
693 1048 1008 1097 corrigendum,
1047 1048 1082 1085 si
1112 1047 1177 1085 vel
1205 1047 1343 1085 nullus
1374 1047 1575 1087 Codicum

95 1101 318 1152 legitimam
347 1103 522 1141 sormam
550 1111 765 1144 servasset.
811 1103 957 1140 Lmffl.

208 1157 318 1205 ihfid.
347 1156 425 1205 Ὠς
451 1156 530 1209 ἤδη
559 1155 661 1207 αὖος
687 1154 759 1212 ἦν)
797 1158 1008 1197 Praeclare
1045 1159 1225 1197 illustrat
1259 1155 1364 1195 hanc
1409 1159 1574 1196 sormu—

94 1211 176 1251 lam
204 1214 407 1252 Kasterus
438 1216 487 1253 ad
516 1217 734 1267 Aristoplz,
762 1220 942 1266 θεσμοφ.
974 1216 1065 1253 853.
1128 1214 1208 1252 Sed
1231 1214 1415 1252 nondum
1437 1221 1575 1253 tamen

94 1269 319 1318 persuasit,
359 1271 419 1308 ibi
449 1286 522 1322 pro
549 1268 680 1319 ’Ἴλλός
708 1273 925 1324 γεγένημαι
953 1269 1189 1323 προςὸοκῶν
1228 1270 1446 1319 legendum
1487 1285 1574 1308 esse

97 1319 211 1372 αὖος.
237 1363 241 1368 ,
270 1326 526 1376 Interrogat,
560 1330 648 1379 quis
672 1341 846 1379 unquam
882 1328 948 1364 vel
977 1328 1076 1377 legit
1101 1327 1167 1364 vel
1196 1325 1364 1373 audivit,
1395 1327 1573 1378 aliquem

96 1381 372 1431 exspectando
400 1384 584 1422 strabum
614 1384 768 1421 factum
807 1383 964 1421 fuisse?
1021 1382 1117 1420 Non
1160 1382 1273 1419 lubet
1309 1382 1575 1432 interrogare,

96 1437 186 1487 quis
214 1437 344 1474 siccus
382 1437 512 1476 sactus
541 1440 595 1477 sit
625 1439 925 1491 exspectando,
967 1439 1035 1477 vel
1075 1443 1260 1476 mortuus
1299 1437 1432 1475 adeo?
1488 1437 1571 1475 Sed

95 1505 146 1529 an
175 1505 259 1530 non
287 1493 438 1542 solent,
469 1497 538 1546 qui
569 1502 828 1546 exspectant,
871 1495 982 1547 quod
1010 1496 1142 1546 ipsum
1173 1494 1342 1532 verbum
1374 1493 1573 1531 Latinum

92 1546 271 1592 indicat,
300 1549 540 1600 frequenter
567 1565 708 1589 versus
734 1552 848 1588 illum
880 1550 1016 1590 locum
1044 1556 1250 1602 spectare,
1282 1548 1390 1586 unde
1423 1556 1572 1587 ventu-

92 1616 185 1641 rum
214 1609 385 1654 putant,
425 1620 542 1657 quem
576 1608 776 1658 cupiunt?
833 1608 982 1645 Nonne
1016 1608 1224 1644 conversis
1261 1604 1332 1642 diu
1370 1605 1492 1642 nimis
1527 1606 1572 1642 in

93 1671 222 1696 unum
254 1660 390 1698 locum
419 1663 547 1700 oculis
583 1666 646 1711 (ut
682 1664 755 1701 illa
791 1663 898 1715 apud
926 1665 1155 1701 Horatium
1183 1666 1314 1699 mater
1343 1674 1466 1697 curvo
1497 1675 1571 1698 nec

82 1715 251 1766 faciem
277 1717 394 1753 litore
424 1719 631 1768 demovet)
667 1725 798 1757 metus
827 1725 908 1766 est,
937 1733 988 1756 ne
1018 1718 1106 1770 quis
1133 1718 1295 1755 strabus
1325 1715 1428 1753 fiat?
1477 1717 1572 1754 Alia

90 1771 173 1822 jam
204 1774 508 1821 praetermitto,
539 1789 641 1826 quae
665 1774 770 1813 nihil
799 1774 849 1813 ad
879 1777 1137 1812 anianum:
1185 1779 1228 1811 et
1264 1786 1317 1811 ne
1346 1770 1447 1810 haec
1477 1773 1573 1824 qui-

91 1826 201 1867 dem.
242 1826 377 1869 GEsN,

201 1883 309 1920 Ibid·
342 1876 458 1930 Αῧος
491 1877 564 1934 ἦν)
615 1883 771 1925 Confer
809 1900 934 1936 supra
972 1886 1080 1924 Tim.
1123 1898 1158 1926 c.
1200 1885 1240 1926 8.
1276 1898 1329 1923 m.
1364 1882 1422 1922 Et
1463 1884 1572 1922 Mer.

90 1935 203 1978 Dial.
228 1937 347 1980 XIV.
373 1953 436 1991 pr.
466 1940 624 1978 SoLAN.
681 1942 791 1981 Nota
819 1949 882 1981 est
909 1941 1145 1994 metaphora
1176 1940 1225 1978 de
1251 1940 1326 1987 iis,
1369 1940 1439 1991 qui
1465 1940 1572 1977 bona

90 1993 344 2044 profudere,
386 2001 457 2033 aut
495 2010 616 2047 quem
654 2005 924 2036 assentatores
961 2012 1005 2036 ac
1044 1997 1280 2035 meretrices
1323 1996 1568 2038 exederant,

90 2048 160 2086 vel
189 2051 589 2099 potiussebiberunt,
621 2054 730 2091 unde
759 2056 968 2104 vulgatum
999 2052 1425 2091 illudHoralz'anzcm:
1457 2051 1571 2100 Dis-

81 2105 269 2156 fiegiunt
298 2107 417 2143 cadis
445 2109 679 2157 cum-faece
709 2111 880 2148 siccatis
909 2111 1061 2147 Amica
1121 2109 1188 2145 De
1217 2120 1398 2157 paupere
1428 2119 1474 2142 ac
1500 2105 1569 2143 sa-

92 2160 242 2198 melico
279 2161 475 2211 Alciplzr·.
510 2161 578 2204 ΙΙΙ,
607 2164 685 2213 Ep.
716 2167 752 2202 4.
781 2180 822 2217 p.
854 2167 949 2205 28¹).
975 2161 1030 2212 αἶς
1056 2163 1134 2206 νῦν
1162 2161 1240 2217 ἐγώ
1269 2178 1332 2203 σοι
1359 2158 1460 2208 αὖος
1486 2156 1569 2202 ὖπὸ

92 2213 215 2266 λιμοῦ
254 2216 326 2257 καὶ
364 2213 588 2270 αὐχμηρός.
659 2220 741 2258 Sed
792 2228 834 2260 et
880 2215 983 2262 αὖον
1021 2231 1176 2258 mutam
1215 2234 1317 2269 prae
1356 2227 1462 2255 meta
1503 2230 1566 2268 ap.

92 2270 210 2309 Suicl.
254 2280 296 2310 et
331 2273 494 2322 Joseplz.
537 2288 653 2324 esse,
695 2276 816 2315 docet
844 2280 895 2318 L.
925 2280 1022 2318 Bos.
1051 2276 1271 2314 Animadv.
1302 2273 1351 2313 ad
1381 2273 1501 2311 Suid.
1532 2285 1569 2312 c.

94 2324 165 2366 35.
194 2341 235 2378 p.
269 2328 358 2366 145.
386 2328 537 2367 Rssi‘rZ.

206 2384 320 2447 Pag·
354 2386 419 2431 75.
450 2384 480 2424 l.
512 2398 548 2425 1.
577 2383 731 2429 ”Ailou
756 2385 850 2431 τινοῖ
864 2387 1009 2441 Κρῆτα
1039 2386 1250 2431 νεανίσκον
1273 2384 1358 2428 τῶν
1386 2378 1568 2437 ὕποχρύ-

96 2452 182 2478 σων
212 2437 370 2489 gemm)
408 2441 554 2478 Aliam
587 2445 792 2494 quendam
821 2447 1169 2483 adolescentulum
1211 2445 1436 2481 Cretensem
1469 2443 1564 2478 bene

95 2502 356 2530 nummatum
382 2505 534 2534 venata
564 2507 635 2535 est.
679 2496 942 2553 ’Υπόχρυσος
969 2509 1028 2540 est
1055 2501 1104 2539 ad
1133 2501 1221 2539 auri
1250 2500 1427 2536 colorem
1453 2508 1565 2532 acce-

96 2547 220 2596 dens,
255 2549 507 2598 subaureus,
543 2559 589 2590 ut
626 2555 683 2592 sic
719 2557 870 2595 dicam:
913 2565 959 2595 ut
996 2558 1131 2609 paullo
1164 2556 1336 2594 insezius
1372 2548 1565 2604 ὑπόχθως

96 2604 359 2654 snbpafflduss·
399 2605 495 2643 Non
523 2612 717 2648 convenit
744 2614 964 2662 pecunioso
992 2614 1133 2665 ‘j'uveni
1159 2611 1238 2650 hoc
1264 2609 1447 2648 verbum.
1495 2606 1567 2644 Vi-

98 2658 220 2696 detur
245 2661 377 2699 literis
403 2665 659 2713 transpositis
692 2669 899 2718 scripsisse
928 2671 1146 2707 Lacianus
1171 2665 1255 2708 τῶν
1285 2658 1567 2716 πολυχρύσων.

101 2714 268 2754 ΟιιΑΕν.
340 2718 487 2755 Βείίηο
516 2719 702 2771 placebat
728 2720 977 2778 ἐπιχρύσων,
1006 2738 1138 2775 neque
1168 2723 1245 2760 hoc
1275 2721 1389 2760 male.
1421 2719 1567 2767 Quan-

1146 2781 1288 2836 Gg2
