1788 3209
332 246 392 279 IN
438 241 712 275 LUCIDEM
757 241 905 273 SIVE
950 241 1192 275 Asmums
1404 224 1512 278 v507

42 364 209 412 promtu
233 357 395 404 forent,
425 352 691 391 adcumulem.
748 351 855 390 Ita'
833 369 878 392 εν
905 353 1085 392 vicissim
1110 368 1187 404 plo
1214 355 1274 401 εἰς
1298 356 1516 406 permultis

0 459 2 465 y
45 416 294 453 demonstmt
333 412 556 449 Z'Aailtcme
591 408 641 446 de
675 408 785 447 Dial.
825 422 915 460 pag.
958 412 1024 450 80
1065 411 1137 448 ubi
1177 417 1218 448 et
1245 411 1324 448 alia
1351 425 1516 450 rursum

43 470 193 518 habet,
223 470 268 507 in
298 468 443 519 quibus
473 467 529 511 εἷς
559 478 631 515 pro
659 464 705 504 ἐν
736 465 1046 514 positum.1ta
1075 468 1199 505 etiam
1223 481 1319 506 εισω
1343 481 1418 517 pro
1447 466 1516 508 ἔν-

45 527 118 567 δον
145 523 339 574 Aleiplzr.
365 522 396 561 Ι.
425 536 465 573 p.
502 522 562 561 18.
593 520 664 558 ubi
692 520 777 560 vid.
807 527 892 560 not.
913 522 1285 571 Bergleri.R1ssTz.
1345 523 1515 560 Po'e'tico

45 583 154 633 stylo
183 580 417 618 Conrierius
455 576 604 615 tribuit
642 578 698 622 εἰς
731 589 807 627 pro
846 576 891 616 ἐν
928 578 1122 627 positum
1178 578 1234 615 At
1271 591 1372 616 vero
1411 578 1519 616 nihil

45 640 180 677 minus
208 635 415 686 poeticum
446 647 531 670 esse
559 638 715 682 potest,
747 645 866 683 quam
895 646 928 670 e
958 644 995 680 g.
1023 633 1124 670 illud
1150 634 1377 678 ΜαέιΙιαεί,
1406 633 1518 684 quod.

44 690 235 732 Reztzizcs
272 690 392 728 modo
431 688 591 734 attulit,
629 689 877 736 Evang.11,
919 688 986 726 23.
1026 686 1257 740 κατῴκησεν
1292 690 1350 736 εἰς
1386 687 1519 730 πόλιν.

48 748 126 786 Cui
156 745 319 799 quidem
350 746 539 795 exemplo
581 743 687 781 haud
726 757 852 794 pauca
892 744 969 782 alia
1008 745 1186 796 ejusdem
1228 745 1391 795 geneiis
1423 744 1519 783 addi

44 809 216 856 possunt
246 816 268 840 e
295 800 407 840 Novi
436 802 687 838 Testamenti
710 800 998 863 scliptoribus·
1026 807 1074 838 ut
1092 800 1362 841 J0s1a1m.Ev.
1389 799 1423 849 I,
1455 801 1520 840 18.

47 859 70 901 ὁ
92 857 178 924 ,Q
187 860 243 904 εἰς
272 872 344 898 τον
367 852 520 897 κόλπον
554 855 631 896 τοῦ
669 854 843 907 παι-σός.
883 857 1021 895 sisare.
1050 854 1172 900 XIII,
1201 854 1241 896 5
1278 855 1524 924 καθημένου

48 912 178 956 αὐτοῦ
203 916 258 960 εἰς
284 907 334 953 ‘co'
359 911 455 963 ὅρος
481 911 561 952 τῶν
586 911 748 952 ἐλαιῶν
789 911 881 952 Jolz.
910 911 988 949 Ev.
1018 912 1120 960 XX,
1165 924 1227 961 19.
1268 910 1364 963 ἔστη
1391 915 1446 960 εἰς
1474 926 1521 953 το

49 972 200 1024 με’,σον
245 983 320 1021 pro
360 983 440 1020 quo
478 970 582 1007 Luc.
621 968 699 1006 EV·
740 965 902 1016 XXIV,
937 966 1002 1007 56-
1042 966 1139 1017 ἔστη
1179 967 1224 1008 ἐν
1258 967 1384 1022 μέσῳ.
1454 969 1524 1005 De

49 1040 189 1065 caussa
217 1025 339 1076 hujus
364 1039 388 1063 a
413 1024 571 1061 solenni
599 1022 762 1061 dicendi
789 1023 950 1061 ratione
977 1021 1260 1061 declinationis
1288 1025 1351 1073 egi
1389 1023 1527 1061 omni-

49 1097 104 1122 no
133 1082 182 1119 ad
211 1081 329 1131 Nigr
353 1094 389 1120 c.
418 1093 456 1130 9.
484 1079 557 1117 ubi
594 1074 735 1132 πόρὸω
762 1094 834 1119 ποι
859 1073 1050 1129 κάθηται
1076 1079 1284 1118 immerito
1314 1079 1363 1116 ab
1389 1081 1527 1116 Hem-

49 1138 252 1176 steylmsio
269 1113 506 1176 ostentatum
574 1135 630 1172 Et
669 1134 748 1172 hoc
788 1136 876 1186 ipso
916 1135 1008 1172 loco
1046 1142 1191 1173 nostro
1237 1148 1338 1172 mox
1372 1134 1526 1185 legitur

49 1191 146 1238 ὅποι
173 1191 248 1241 τῆς
275 1188 432 1238 πόλεως
458 1189 570 1237 οἰκεῖ,
597 1190 670 1227 ubi
696 1190 808 1237 vide,
839 1204 941 1242 quae
963 1192 1261 1230 notaverimus,
1316 1189 1431 1228 Varii
1456 1205 1530 1241 ge-

50 1251 160 1289 neris
181 1249 368 1299 exempla
385 1247 506 1297 hujus
528 1247 836 1296 permutationis
858 1247 1029 1284 collecta
1050 1247 1314 1298 suppeditant
1340 1246 1528 1284 Fischer.

53 1313 95 1344 et
122 1305 315 1343 Kuinoel.
341 1303 390 1340 ad
416 1304 586 1342 [Vellera
630 1302 813 1342 Gramm.
852 1302 973 1341 Tom.
1001 1301 1078 1340 III.
1116 1303 1156 1344 b.
1185 1317 1228 1354 p.
1261 1303 1356 1343 155.
1394 1316 1455 1354 sq.
1486 1307 1530 1340 et

53 1363 123 1415 qui
151 1361 210 1398 ibi
238 1359 480 1402 laudantur,
509 1357 590 1395 viri
619 1357 744 1397 docti.
773 1356 918 1399 LEHM.

163 1415 268 1453 Ibid.
297 1411 548 1465 Γράμματα)
575 1412 671 1451 Non
698 1413 820 1450 modo
849 1414 900 1451 ob
932 1412 1061 1455 Codd.
1089 1413 1147 1451 sic
1177 1413 1295 1462 dedi,
1335 1412 1406 1451 sed
1437 1413 1532 1465 quia

54 1472 192 1526 paullo
221 1477 313 1522 post
342 1472 402 1508 bis
432 1475 548 1507 terve
575 1470 632 1507 sic
660 1470 766 1519 legas
796 1469 883 1506 sine
910 1470 1124 1510 varietate.
1152 1469 1304 1507 Rfflrz.

165 1527 272 1564 Ead.
314 1527 343 1567 1.
384 1538 447 1566 12.
488 1524 674 1575 Εἰδέναι)
719 1525 931 1562 Immerito
969 1526 1097 1575 igitur
1135 1531 1177 1562 et
1214 1525 1292 1562 hoc
1325 1537 1452 1576 supra
1486 1524 1532 1562 in

53 1583 176 1623 Alex.
206 1597 239 1620 c.
285 1583 352 1623 55.
391 1583 555 1631 negavit
591 1582 734 1620 Solem.
802 1580 962 1618 Graece
1001 1587 1113 1620 recte
1152 1581 1259 1627 diei,
1297 1594 1373 1633 pro
1414 1593 1531 1618 nosse

55 1641 249 1692 aliquem.
312 1637 467 1676 Confer
489 1637 550 1674 ibi
575 1635 904 1676 notata.R1-:1az.

167 1695 275 1733 Ihm.
296 1691 435 1741 ‘'Onn)
464 1694 532 1730 Sic
560 1694 640 1734 Ms.
670 1692 771 1742 Reg.
807 1692 934 1733 5011.
972 1692 1141 1755 melius,
1181 1705 1301 1744 quam
1332 1691 1442 1744 quod
1473 1696 1536 1729 est

55 1752 99 1789 in
126 1751 312 1800 impress.
341 1745 452 1790 ὅποι.
479 1750 571 1791 Bne,
626 1749 715 1786 Imo
744 1762 844 1787 vero
872 1744 969 1788 ὅποι
996 1749 1170 1798 genuina
1195 1754 1257 1786 est
1280 1749 1428 1794 lectio,
1456 1761 1533 1784 nec

59 1807 230 1845 debebat
257 1802 340 1853 ὅπη
369 1806 438 1843 vel
472 1811 684 1868 tantopere
714 1818 737 1842 a
774 1805 923 1841 Belino
954 1804 1250 1852 commendari,
1289 1805 1354 1842 vel
1383 1817 1405 1840 a
1431 1805 1535 1853 Bc'p.

59 1862 192 1900 §Qelzm
225 1868 267 1899 et
297 1862 414 1898 Cozcr.
452 1859 596 1911 recipi
658 1855 780 1901 Ὀποι
815 1859 920 1900 οἰκεῖ
952 1859 1071 1907 satis,
1110 1860 1255 1907 credo,
1297 1859 1538 1897 defenditur

57 1917 180 1957 modo
205 1917 310 1955 lecta
340 1915 518 1954 dictione
548 1913 738 1957 οἰκοῦντα
766 1915 810 1962 ἐς
847 1933 896 1956 τα
926 1911 1113 1956 ”Tuam
1174 1915 1240 1955 Cs.
1277 1914 1383 1953 illud
1420 1914 1541 1964 Nigr.

59 1988 96 2014 c.
126 1987 165 2024 9.
190 1970 376 2041 πόρ’ῥωτι
365 1987 438 2013 ποι
462 1967 653 2021 κάθηται
673 1972 818 2039 ibique
844 1971 996 2009 Adnot.
1019 1977 1062 2008 et
1089 1985 1212 2022 supra
1233 1972 1387 2010 Toxar.
1416 1983 1450 2007 c.
1472 1970 1540 2010 13.

59 2030 149 2076 δέος
176 2026 294 2070 οὐδὲν
333 2045 412 2078 ην,
451 2024 508 2079 μή
544 2043 618 2068 ποι
656 2024 863 2078 ἀντιλέγοι
897 2022 928 2076 ἦ
968 2027 1223 2079 Χαρίκλεια,
1272 2040 1374 2078 quae
1413 2026 1542 2064 verba

60 2086 344 2122 Selzznieclerus
382 2090 540 2121 temere
574 2083 720 2120 Belim'
746 2082 899 2132 judicio
938 2082 1157 2120 obsecutus
1186 2081 1438 2133 {iepravavitz
1469 2081 1538 2122 Cs.

63 2141 205 2188 etiam,
240 2139 276 2176 si
314 2139 471 2188 placet,
508 2139 619 2176 infra
655 2151 691 2176 e.
729 2139 766 2174 4.
805 2138 876 2174 ubi
902 2136 952 2175 ad
989 2138 1373 2202 interrogationem:
1400 2138 1475 2177 ποῖ
1495 2136 1539 2176 δὲ

60 2201 163 2242 (non
190 2193 272 2236 ποῦ’
300 2195 342 2234 δὲ
369 2207 538 2245 usquam
570 2193 742 2244 legitur>
782 2191 885 2246 ἔφη,
925 2193 997 2234 καὶ
1023 2208 1205 2246 natam,-
1240 2193 1537 2245 respondetur:

63 2248 182 2306 παοοῖ
206 2246 433 2304 Ἵππαρχοι.
463 2251 607 2287 LEnM.

163 2307 282 2344 Ead.
310 2307 337 2343 l.
374 2306 437 2345 13.
474 2306 561 2347 Καὶ
583 2301 646 2345 ὅτι
676 2301 875 2358 ἀργύριον
913 2301 1055 2346 ἱκανόν
1094 2302 1201 2359 ἔχοι)
1234 2304 1321 2344 Cur
1355 2302 1461 2359 ἔχοι,
1485 2310 1540 2344 et

64 2377 148 2402 non
175 2361 284 2415 ἔχει,
315 2367 363 2399 ut
391 2361 558 2413 τοέφει,
598 2361 708 2411 quod
746 2363 944 2412 sequitur.
1013 2361 1110 2399 Non
1150 2361 1424 2406 monuissem,
1460 2360 1543 2398 nisi

66 2433 205 2457 omnes
246 2418 374 2455 Editt.
412 2419 536 2456 etiam
562 2418 627 2454 Fl.
657 2419 887 2456 consentire
921 2418 966 2456 in
994 2416 1072 2456 hoc
1103 2418 1203 2456 vitio
1227 2417 1442 2456 tolerando
1473 2417 1542 2455 vi-

68 2475 230 2513 dissem.
268 2474 433 2512 GRAEV.

178 2530 287 2570 Ead.
315 2530 340 2567 l.
372 2530 436 2569 14.
471 2526 781 2581 Tpe'mocyQuia
805 2530 850 2568 in
875 2529 1066 2582 proxime
1093 2528 1313 2580 pit-demisso
1353 2526 1441 2581 ἔχοι
1472 2528 1543 2566 ni-

63 2584 130 2623 hil
166 2585 375 2624 varietatis
413 2586 576 2632 inveni,
619 2585 664 2622 in
699 2586 828 2624 altero
876 2593 1034 2634 autem,
1083 2585 1186 2625 Cod.
1223 2585 1276 2623 L.
1313 2585 1545 2635 optativum

71 2655 231 2704 quoque
259 2642 484 2693 praeferat,
513 2647 561 2678 ut
587 2646 808 2692 utrumque
835 2642 914 2680 sibi
941 2642 1076 2679 simile
1105 2647 1210 2679 esset
1245 2641 1410 2687 curavi3
1449 2654 1544 2678 nam

72 2712 138 2738 οτι
166 2696 252 2749 ἔχοι
278 2697 347 2737 καὶ
378 2713 546 2748 τρεφει,
583 2697 692 2747 quod
720 2697 765 2735 in
803 2698 954 2735 omnib.
980 2696 1085 2734 Edd.
1113 2703 1220 2745 erat,
1261 2711 1344 2734 non
1373 2696 1434 2734 sas
1463 2696 1546 2734 suit

74 2753 275 2791 retinere:
313 2752 487 2805 dedique
524 2752 604 2792 hoc
635 2753 783 2791 Solani
809 2753 1065 2806 diligentiae,
1105 2754 1176 2806 qui
1205 2752 1400 2792 codicem
1425 2751 1549 2791 habet
