1788 3209
466 222 1104 277 21NT'OXAR1N.
1438 234 1535 281 481

61 360 247 411 adeoque
283 355 389 397 nihil
428 355 591 396 mirum.
656 352 741 392 Sed
780 352 878 406 quid
921 352 1043 405 plura
1078 352 1124 393 in
1165 364 1215 393 re
1242 354 1372 394 nota?
1402 355 1545 395 Latini

48 431 190 470 =aeque
218 430 246 454 a
270 415 418 466 pueris
447 412 612 462 dicunt,
640 417 762 463 atque
788 425 817 448 a
838 416 969 462 puero
979 440 994 459 ,
1036 416 1079 448 et
1117 411 1232 463 prius
1260 410 1425 463 quidem
1453 412 1546 452 sre—

63 473 268 527 quentius.
297 469 448 511 RmTz,
931 475 934 477 ’

176 530 286 578 Pag.
317 527 385 580 89.
410 524 439 564 l.
466 538 503 565 1.
533 521 683 576 Ῥοδίῳ
702 543 758 550 -
781 519 976 576 σοφιστῇ)
1018 521 1122 570 Quis
1150 519 1222 561 ille
1251 522 1438 562 Rhodius
1464 524 1546 562 So-

62 582 198 637 phista
227 581 435 633 Cynicus?
472 580 538 618 An
575 577 858 630 Agathobulus
898 578 993 625 ille,
1029 577 1079 615 de
1119 592 1199 630 quo
1237 579 1417 618 Demon.
1458 579 1550 618 Vin

63 653 154 690 cap.
179 637 219 681 5,
244 644 286 676 et
310 638 376 674 De
407 637 536 674 Mort.
569 636 735 686 Peregr.
767 648 803 676 c.
837 633 918 684 17‘?
953 632 1034 670 Sed
1065 633 1099 670 si
1130 635 1331 684 Cynicas,
1361 649 1437 674 cur
1466 636 1548 673 So-

57 696 209 747 plzlsta
241 693 355 732 audit
368 692 387 730 ’Β
417 692 509 730 Nisi
543 692 685 731 forsan
706 693 966 741 impostorem
983 688 1211 739 intelligat,
1252 697 1300 729 ut
1327 692 1398 729 De
1417 692 1549 733 Moru

63 750 231 801 Peregr.
265 763 301 789 c.
344 751 404 787 13.
440 754 482 786 et
510 747 671 797 passim.
709 747 867 787 SOLAN.

175 805 285 846 Ead.
314 805 342 842 l.
371 805 409 843 5.
439 802 642 856 Μεᾷινονα
671 799 794 856 βοᾷν)
822 800 1025 840 Exstabat
1052 813 1199 840 revera
1227 801 1402 840 Luciani
1430 808 1550 840 tern-

63 875 166 915 pore
205 861 417 899 decantata
453 860 525 898 illa
561 860 795 897 Memnonis
833 864 977 896 statua.
1049 854 1156 895 Vide
1190 858 1372 910 Philops‚
1417 872 1452 897 c.
1481 860 1548 897 33.

63 918 268 956 Plzilostr.
297 929 385 968 pag.
417 917 512 955 232.
550 921 592 952 et
633 915 724 965 lege
765 915 930 952 omnino
969 913 1237 958 Strabonem,
1279 915 1350 966 qui
1387 915 1477 966 ipse
1505 928 1552 953 se

65 986 154 1012 eam
179 971 334 1010 Thebis
357 972 508 1011 vidisse
537 976 678 1008 narrat
706 970 848 1010 XVII.
879 984 919 1020 p.
951 969 1045 1010 816.
1074 969 1231 1007 SOLAN.

176 1029 287 1070 Eud.
319 1028 346 1080 lt.
375 1039 411 1078 7.
452 1026 714 1080 Πυραμῖὃων
736 1048 791 1055 —-
814 1022 1056 1076 Μέμνονος)
1093 1024 1334 1075 Pyramides
1363 1030 1551 1064 structu-

63 1098 135 1124 rae
163 1090 259 1122 sunt
287 1098 341 1122 ex
380 1085 488 1121 saxis
526 1089 597 1120 aut
633 1081 856 1127 lateribus,
897 1081 946 1119 ab
983 1083 1067 1119 imo
1098 1081 1277 1132 amplae,
1317 1082 1361 1119 in
1390 1095 1550 1121 summo

64 1145 232 1184 acutae,
273 1146 394 1191 atque
431 1141 475 1177 in
511 1140 633 1176 altam
675 1139 825 1175 molem
864 1143 1053 1186 evectae,
1094 1136 1145 1174 ad
1174 1136 1312 1182 nihil,v
1346 1151 1466 1189 quam
1500 1137 1554 1176 ad

65 1195 360 1233 effundendum
387 1209 508 1247 opes,
538 1195 744 1233 inventae.
801 1195 1035 1232 Memnonis
1065 1199 1200 1230 autem
1220 1192 1362 1244 ,liujus
1393 1194 1553 1231 cineres

63 1251 108 1290 in
136 1264 229 1288 aves
255 1252 514 1289 transmutati
551 1251 772 1299 seruntur,
814 1263 915 1301 quae
945 1250 1098 1299 magnis
1137 1249 1326 1298 gregibus
1353 1263 1376 1286 e
1409 1249 1555 1296 diver-

65 1307 119 1345 sis
148 1307 248 1345 locis
278 1307 447 1357 singulis
477 1307 591 1344 annis
617 1305 669 1343 ad
699 1306 932 1355 sepulcrum
963 1304 1198 1342 Memnonis
1228 1305 1456 1352 convolare,
1487 1312 1555 1342 at-

66 1376 148 1415 que
174 1363 234 1399 ibi
261 1363 439 1414 primum
473 1362 661 1414 querulas
694 1374 816 1399 voces
842 1360 989 1405 edere,
1031 1359 1179 1397 deinde
1215 1359 1326 1397 inter
1352 1374 1395 1397 se
1426 1361 1556 1398 dimi-

65 1432 161 1456 care
191 1417 397 1456 dicuntur.
427 1419 605 1456 Ovidius
633 1415 705 1455 lib.
738 1415 859 1457 XIII.
899 1413 1228 1467 metamorphos.
1257 1416 1478 1454 Lucianus
1510 1417 1556 1454 in

65 1473 251 1524 Philops.
281 1474 421 1511 Com.

178 1529 285 1567 [bid.
322 1525 645 1571 Ἀναπεπλεύκει
691 1524 805 1569 unc-co?
852 1523 926 1569 τόν
961 1529 1113 1569 Nenov
1151 1527 1267 1567 ἕκτον
1305 1522 1385 1577 ἤδη
1422 1525 1558 1580 μῆνα)

65 1584 283 1631 Adsumsit
308 1587 356 1624 ab
388 1588 562 1624 Erasmo
594 1587 845 1623 Benedictus
873 1593 1030 1622 sextum
1050 1587 1149 1633 jam
1178 1597 1352 1620 mensem
1384 1585 1555 1621 adverso

65 1642 172 1680 Nilo
202 1643 450 1693 navigabat.
509 1642 632 1689 Quod
663 1642 751 1693 quis
781 1654 884 1678 unus
928 1639 1051 1676 homo
1094 1639 1196 1676 fecit
1235 1639 1447 1689 unquam?
1486 1638 1577 1677 aut*

69 1698 104 1734 si
133 1697 222 1747 quis
251 1697 441 1744 fecisset,
479 1699 549 1749 qui
578 1711 661 1734 non
690 1697 938 1747 oportuisset
975 1695 1092 1741 fieri,
1131 1700 1179 1732 ut
1207 1694 1255 1731 ab
1285 1695 1356 1733 illo
1388 1694 1560 1745 detege-

67 1759 215 1790 rentur
252 1753 388 1791 sontes
425 1753 546 1791 Nili?
581 1753 650 1789 sed
689 1752 781 1790 fieri
818 1752 860 1789 id
901 1765 985 1788 non
1023 1756 1205 1801 poterat,
1249 1755 1291 1787 et
1327 1750 1447 1789 Nilus
1474 1765 1559 1788 non

22 1818 36 1843 s
68 1809 147 1845 nisi
178 1808 229 1845 ad
258 1809 563 1860 Elephantinen
594 1815 680 1846 erat
710 1809 814 1846 bene
843 1806 1096 1857 navigabilis,
1156 1805 1236 1843 Sed
1265 1819 1398 1858 neque
1426 1806 1471 1844 id·
1494 1807 1561 1844 di-

69 1877 164 1902 cere
193 1865 284 1902 vult
312 1867 557 1913 Luciamcs5
599 1864 669 1901 sed
698 1865 816 1901 illum
853 1877 926 1900 sex
957 1874 1113 1900 menses
1143 1862 1187 1898 in
1215 1861 1293 1898 ista
1321 1863 1559 1913 peregrina-

69 1921 185 1957 tione
215 1922 511 1973 consulmsisse,
557 1934 638 1958 non
668 1920 812 1971 utique
842 1932 1005 1969 semper
1036 1916 1264 1967 navigando
1306 1931 1381 1969 per
1411 1919 1562 1956 adver-

69 1989 160 2012 sum
190 1976 359 2021 Nilum,
390 1976 460 2014 sed
487 1990 561 2027 per
601 1976 771 2013 Nilum:
811 1988 954 2016 versus
985 1974 1186 2010 interiora
1229 1986 1274 2010 ac
1311 1973 1563 2019 mediterra-

70 2044 147 2069 nea
176 2040 365 2082 coeperat
395 2033 585 2082 navigare
615 2032 658 2068 in
689 2031 776 2068 Nili
807 2031 923 2068 alveo
955 2028 1102 2066 abhinc
1132 2029 1213 2080 jam
1248 2035 1413 2066 sextum
1442 2043 1563 2066 men-

70 2100 168 2125 sem.
224 2083 347 2127 Κατοῖ
385 2102 466 2125 non
498 2088 622 2137 magis
667 2086 718 2123 de
749 2086 942 2132 adverso,
978 2098 1097 2135 quam
1136 2084 1186 2120 de
1228 2083 1407 2121 secundo
1444 2099 1563 2123 amne

71 2143 176 2179 sumi
216 2143 338 2180 docet
367 2143 435 2179 vel
470 2143 558 2194 ipse
599 2143 818 2179 Lucinam
858 2143 900 2179 in
938 2141 1042 2178 Jove
1073 2139 1315 2189 Tragoedo¹
1368 2141 1563 2189 scribens,

70 2193 123 2238 τοέ
158 2193 193 2238 δ’
221 2195 323 2238 ἄλλα
354 2195 463 2238 κατοῖ
493 2196 589 2250 ῥοῦν
619 2196 811 2248 φέρεται,
852 2203 892 2234 et
921 2196 1043 2236 ταυτῖ
1081 2194 1154 2246 μὲν
1194 2192 1273 2244 ἤδη
1317 2192 1423 2236 nato?
1461 2194 1564 2250 ῥοῦν

71 2254 282 2308 προχωρεῖ
299 2253 359 2307 τῷ
380 2250 548 2304 Δάμιδι.
580 2254 722 2290 GRON.
781 2252 964 2290 Aduerso
995 2249 1098 2288 Nilo
1131 2255 1173 2288 et
1202 2264 1277 2288 nos
1309 2252 1565 2303 interpreta-

72 2324 189 2358 mur,
215 2323 299 2347 non
321 2324 400 2361 quo
424 2307 534 2351 κατοῖ
558 2305 631 2350 τόν
659 2309 812 2349 Νὲἶλον
837 2307 915 2345 hoe
943 2306 1166 2357 significet3
1200 2306 1271 2344 sed
1305 2308 1355 2345 ob
1386 2308 1562 2347 verbum

73 2359 393 2414 οἷναπεπλεύκει,
423 2373 465 2403 et
487 2367 615 2417 ipsam
645 2365 846 2402 rationem
878 2363 1060 2412 itineris,
1102 2363 1150 2400 ab
1181 2361 1472 2412 Alexandrea,
1514 2369 1564 2402 ut

72 2427 270 2473 apparet,
309 2422 353 2458 in
390 2422 571 2473 Aegypti
605 2420 808 2458 interiora
844 2419 1037 2467 instituti.
1110 2418 1358 2469 Scrupulum
1405 2420 1457 2459 de
1487 2433 1564 2458 sex

73 2479 279 2515 mensibus
309 2478 400 2527 ipse
428 2478 509 2526 jam
540 2478 606 2516 vir
645 2476 788 2513 doctus
821 2476 926 2513 bene
959 2474 1154 2514 removit.
1210 2474 1399 2513 Adverso
1430 2475 1563 2514 fluvio

74 2534 279 2584 navigavit
304 2533 564 2577 Demetrius,
609 2531 680 2570 sed
709 2545 792 2569 non
817 2545 899 2568 uno
939 2538 1082 2569 tenore
1123 2529 1306 2578 scilicet,
1340 2544 1487 2569 verum
1516 2536 1567 2569 ut

75 2591 251 2639 passim,
282 2591 443 2641 quoties
474 2590 706 2634 videretur,
734 2587 782 2624 ad
812 2586 1024 2635 dextram,
1063 2586 1114 2623 ad
1144 2585 1377 2634 sinistram,
1409 2600 1568 2624 excur-

76 2651 187 2682 reret
217 2651 293 2683 etc.
321 2651 368 2682 ut
389 2646 648 2691 Phoenices,
679 2643 748 2694 qui
778 2643 963 2681 Africam
990 2642 1115 2693 primi
1147 2642 1567 2693 circumnavigarunt,
1618 2685 1622 2689 .

76 2700 299 2738 triennium
330 2701 368 2738 ei
395 2703 458 2739 rei
487 2699 778 2753 impenderunt
801 2698 907 2750 apud
928 2698 1084 2737 Ilerod.
1113 2699 1153 2744 4,
1182 2697 1248 2736 liz).
1312 2699 1423 2748 Quin
1446 2699 1567 2750 plus-

78 2757 379 2808 quamperfecti
417 2759 523 2796 ratio
564 2757 688 2796 etiam
728 2753 795 2793 hic
835 2753 1043 2794 habenda:
1089 2766 1226 2792 sermo
1269 2761 1331 2793 cst
1372 2754 1424 2793 de
1463 2768 1568 2807 pro-3

123 2822 283 2856 Lucz'an·
312 2820 393 2858 Vol.
422 2823 489 2858 VI.
1197 2810 1287 2853 Hh
