1788 3209
243 243 342 292 446
605 248 1350 299 ADNOTAT1onEs

242 386 334 410 nem
365 371 565 424 particula
592 372 637 416 δὲ
673 390 750 427 pro
779 373 882 419 α’λλοῖ
919 376 1034 430 sequi
1073 375 1422 429 deprehendatur-3
1456 394 1496 420 v.
1525 394 1560 420 c.
1591 380 1715 420 Dian.

242 429 368 469 Dema
399 430 565 479 XVIII,
592 441 631 471 2.
659 428 710 472 ου’
737 429 815 486 γάρ
844 433 950 481 οἶνος
976 431 1129 482 wiza,
1168 429 1259 475 οὐδὲ
1287 433 1310 475 ὁ
1335 431 1562 487 Διόνυσος,
1595 439 1716 487 ποιεῖ,

243 480 291 523 ‘cd
319 485 361 525 δὲ
386 482 564 537 ἄμετρον
588 486 661 537 τῆς
699 485 871 538 πόσεως.
916 492 1019 528 Mox
1046 504 1080 527 c.
1109 488 1178 531 25.
1208 486 1257 531 οὐ
1293 492 1414 539 θεαῖς
1443 491 1529 543 (σε)
1560 494 1714 538 εἴκασα,

241 541 438 592 τεχνιτῶν
464 538 506 582 δ’
534 539 1086 599 ἆγαθῶν-ὁῖημιουργήμασι.
1120 552 1160 585 et
1195 550 1368 599 saepius.
1401 547 1467 587 Cs.
1501 550 1720 601 ,Heindorf

244 597 294 632 ad
324 599 438 635 Plat.
466 598 629 651 Protag.
658 615 700 652 p.
730 603 826 641 500.
856 604 1001 640 Lanu.

356 653 466 692 End.
496 655 524 694 l.
554 656 593 694 8.
624 655 894 708 Προςόντων)
941 657 1063 698 Conf.
1103 671 1226 710 supra
1259 657 1338 697 hoc
1376 658 1489 701 Dial.
1527 673 1563 699 c-
1601 659 1640 699 6.
1678 665 1721 698 et

245 707 392 757 Quom.
422 709 533 750 Hist.
561 710 729 756 Censor,
760 728 845 766 cap.
876 715 943 756 55.
971 715 1127 753 SoLAN.

354 764 454 802 Ead.
484 767 510 803 1.
540 779 603 807 12·
630 763 708 816 Ὠς
732 770 848 821 ἴσμεν
871 767 1013 819 ζώων)
1040 768 1119 818 Ὡς
1148 771 1262 822 ἴσμεν
1291 767 1408 818 ζῶον.
1435 767 1719 813 &urm-‘'In-

242 835 322 861 πον
344 819 557 862 ἐπαινέσαι
586 824 746 874 θέλων,
774 823 897 877 φύσα
922 826 1077 878 κοῦφον
1106 822 1163 867 ὦν
1193 828 1308 879 ἴσμεν
1340 823 1455 874 ζώων
1475 833 1551 866 etc.
1581 829 1720 867 Inter-

239 889 358 928 pres,
389 879 602 916 laudando
626 895 796 933 equum,
825 892 980 921 natura
1005 885 1133 920 levem
1145 910 1160 927 ,
1192 893 1236 920 ut
1258 898 1308 920 ea
1332 886 1485 921 seimus
1507 897 1591 921 esse
1617 885 1721 921 ani-

239 935 416 971 mantia.
444 935 557 972 Haec
587 944 683 975 sunt
703 939 940 977 versionum
965 945 1160 979 monstra.
1189 937 1347 983 Redde,
1375 954 1525 991 equum
1544 940 1719 977 laudare

238 990 403 1036 volam,
434 999 589 1029 natura
618 993 746 1031 levem
777 1009 825 1032 ex
852 997 926 1043 iis,
957 1010 1063 1047 qaae
1097 997 1287 1033 novimas
1300 1024 1314 1042 ,
1356 995 1614 1033 animalibus
1639 1001 1720 1038 etc,

237 1044 303 1081 De
335 1044 409 1082 hoc
436 1046 691 1087 Hellenismo
720 1050 815 1088 vide
845 1064 967 1101 supra
997 1051 1047 1089 ad
1077 1052 1126 1089 T.
1157 1052 1191 1093 I.
1223 1052 1343 1088 JENs.
1371 1051 1440 1088 Bis
1471 1049 1527 1098 ὦς
1557 1065 1632 1102 pro
1661 1046 1720 1091 ὧν

237 1101 436 1151 scriptum
467 1109 552 1139 erat
581 1104 624 1141 in
651 1112 749 1144 nota
784 1107 956 1156 Guyetc'3
995 1106 1138 1145 dubito
1178 1121 1277 1145 num
1309 1107 1576 1145 describentis
1605 1107 1722 1144 vitio.

238 1156 316 1193 Sed
359 1157 401 1195 in
451 1158 612 1207 vulgata
650 1161 755 1199 nihil
799 1163 944 1210 video,
1001 1164 1111 1214 quod
1161 1162 1488 1201 emendationem
1522 1163 1719 1214 postulet,

238 1227 478 1263 quamquam
510 1212 611 1260 ζῶον
650 1229 734 1255 non
769 1218 1112 1269 improbaverim,
1154 1220 1187 1257 si
1231 1219 1318 1270 quis
1357 1217 1502 1256 Codex
1538 1217 1720 1259 haberet.

235 1268 406 1305 luterim
436 1270 531 1306 satis
561 1271 709 1310 usitata
740 1279 783 1310 et
812 1273 912 1312 haec
943 1281 1002 1312 est
1031 1275 1203 1325 genitivi
1241 1288 1335 1313 cum
1363 1274 1536 1313 relativo
1566 1288 1721 1312 conve-

234 1325 387 1361 nientis
428 1330 703 1376 constructio,
746 1334 795 1366 ut
834 1330 938 1368 bene
974 1331 1055 1383 jam
1091 1332 1254 1369 monuit
1290 1344 1336 1368 ac
1374 1330 1503 1369 vertit
1538 1331 1718 1371 Jensius,

234 1377 386 1421 RmTz.

346 1437 454 1477 End.
475 1437 504 1479 l.
538 1439 598 1476 ¹3.
621 1434 782 1493 ''Ampov
812 1443 910 1487 etc.)
934 1443 1104 1480 Homer.
1131 1443 1181 1484 ΙΙ.
1211 1445 1261 1489 Y,
1292 1453 1389 1490 227.
1419 1442 1578 1479 SoLAN.
1608 1441 1717 1478 Fons

232 1492 402 1530 Homer.
433 1493 478 1535 ll,
516 1496 570 1539 Y,
599 1506 695 1544 227.
722 1495 848 1535 Rivos
877 1498 999 1549 plena
1040 1513 1162 1537 mauu
1193 1498 1392 1537 indicavit
1430 1499 1475 1536 la
1506 1497 1638 1535 Cerdcz
1667 1496 1719 1535 ad.

233 1548 341 1591 Aen,
373 1549 471 1597 VII,
504 1551 599 1589 808.
629 1552 712 1589 Illa
741 1554 808 1590 vel
835 1556 1020 1592 intactae
1051 1563 1129 1593 etc.
1162 1555 1294 1593 GEsN.

346 1605 456 1646 End,
483 1606 511 1646 l.
547 1607 606 1645 14.
638 1603 941 1659 Ἀελλοπόὸων)
977 1611 1143 1649 Frustra
1174 1610 1286 1662 apud
1322 1612 1551 1648 Homerum
1588 1622 1718 1660 quae·-

232 1661 323 1702 sivi.
354 1659 515 1704 SOLAN.
544 1661 745 1702 Usitatius
777 1666 942 1717 quidem
961 1668 1142 1704 IIomero
1170 1663 1422 1719 οἷερσίποδες.
1461 1666 1616 1703 Verum
1639 1677 1716 1702 nec

232 1717 406 1755 alterum
447 1724 508 1755 est
545 1719 792 1770 improbum.
837 1722 1014 1773 Legitur
1050 1723 1158 1761 enim
1196 1724 1238 1760 in
1277 1723 1446 1773 Hymno
1484 1722 1529 1758 in
1563 1720 1717 1759 Vener.

231 1775 302 1823 qui
330 1773 462 1811 eidem
490 1774 614 1825 vulgo
643 1777 865 1827 tribuitur,
905 1791 944 1818 v·
976 1780 1072 1822 218.
1103 1800 1158 1807 —-
1187 1784 1373 1821 ἵπποισιν
1401 1773 1719 1819 ἀελλοπόδεσσιν

228 1825 375 1883 ὀχεῖτο.
405 1828 559 1872 ΒΕΙΤΖ.

342 1887 457 1936 Pag.
487 1887 556 1926 48.
586 1886 612 1924 l.
647 1901 684 1928 1.
710 1885 844 1940 Ζηνός
870 1892 974 1938 που)
1002 1891 1172 1929 Homer.
1202 1889 1350 1942 Odyss.
1380 1893 1431 1936 A,
1459 1890 1528 1938 74.
1555 1889 1715 1927 SOLAN·

340 1942 450 1980 Ead.
476 1941 503 1982 l.
535 1943 575 1982 4.
594 1938 735 1984 ‘'Onov
767 1942 1005 1998 Κύναιθος)
1037 1948 1149 1999 Lege
1177 1944 1234 1994 ὥς
1262 1962 1357 1989 που.
1396 1946 1566 1984 GUYET.
1602 1945 1715 1982 Mal-

227 1997 309 2036 lem
341 1993 365 2036 ὅ
393 1995 494 2049 γοῦν
519 1998 574 2039 Κ.
603 1999 684 2038 Sed
713 2003 757 2038 in
785 2002 906 2054 impr.
937 2011 979 2041 et
1014 2004 1075 2044 M.
1110 2006 1224 2055 ips0,
1259 2005 1321 2041 uti
1351 2001 1580 2046 edidimus,
1610 2001 1716 2038 scri-

228 2055 357 2093 bitur.
396 2054 569 2092 Accedit
609 2056 659 2093 ad
693 2055 803 2095 hunc
845 2072 962 2097 usum
998 2059 1119 2112 hujus
1152 2057 1379 2110 particulae
1419 2059 1534 2095 locus
1562 2057 1715 2097 Jambl.

228 2109 306 2147 No.
336 2108 402 2149 60.
442 2110 495 2149 Α.
534 2110 631 2149 Vid.
675 2113 782 2151 Tim.
814 2112 852 2166 ᾗ.
882 2126 921 2155 2,
953 2116 1082 2156 Deor.
1123 2117 1247 2155 Diall.
1290 2115 1452 2162 XVIII,
1486 2126 1518 2152 1.
1545 2114 1575 2152 f.
1608 2112 1713 2163 thid.

228 2166 399 2211 XXIII»
433 2178 469 2207 ¹·
498 2166 605 2209 med.
645 2181 721 2219 pro
751 2170 873 2222 Laps.
910 2169 948 2224 §.
982 2184 1020 2212 2.
1060 2172 1166 2214 Ibid.
1199 2170 1239 2224 §.
1280 2172 1316 2209 6.
1354 2171 1544 2208 Hermot.
1582 2184 1614 2207 c.
1643 2170 1712 2220 39.

228 2223 426 2260 Ileroclot.
456 2230 505 2267 ff.
532 2220 571 2264 4.
597 2224 744 2267 Abdic,
772 2240 861 2278 cap.
890 2229 958 2268 23.
988 2228 1019 2270 f,
1049 2229 1163 2266 Infra
1195 2228 1366 2267 lcarom.
1407 2241 1442 2266 e.
1484 2227 1552 2266 23.
1583 2226 1616 2263 s·
1655 2225 1714 2262 Et

229 2278 320 2318 adv.
348 2277 502 2317 Indoct.
534 2293 569 2320 e.
600 2291 665 2317 21.
697 2295 762 2332 pr.
790 2283 947 2322 SOL-m.
977 2285 1134 2323 Decem
1162 2285 1233 2323 illa
1260 2285 1449 2321 Luciam·
1477 2281 1714 2320 testimonia

227 2335 278 2373 ab
307 2335 458 2372 Solano
494 2339 826 2376 commonstrans
866 2346 1027 2379 tantum
1063 2340 1140 2379 Ed.
1177 2343 1290 2379 chnt.
1319 2339 1485 2391 'paginis
1519 2338 1712 2376 indicata.

229 2391 439 2444 quaesivi,
470 2392 732 2444 capitumque
759 2395 849 2433 sive
872 2396 1220 2448 paragraphorum
1246 2409 1462 2434 numerum
1482 2423 1491 2440 ‚
1524 2399 1571 2431 ut
1599 2405 1712 2454 sem-

224 2461 311 2499 per,
342 2448 390 2485 ad
422 2454 602 2485 nostram
631 2449 712 2492 Ed.
738 2452 1059 2496 accommodavi,
1089 2454 1358 2504 cognovique,
1386 2453 1432 2489 in
1460 2450 1541 2487 illis
1570 2460 1709 2485 omm-

227 2505 303 2542 bus
339 2499 445 2546 ὅπου
484 2504 551 2541 vel
592 2500 699 2546 ὅπου
736 2520 780 2556 γε
817 2522 1059 2556 occurrere,
1098 2524 1174 2561 pro
1218 2523 1333 2558 cum,
1372 2503 1710 2559 quandoquidem

226 2560 430 2611 positum,
460 2560 593 2597 veluti
618 2561 779 2600 Latinis
800 2577 962 2616 quoque
988 2579 1071 2603 non
1100 2566 1341 2616 infrequens
1369 2563 1443 2600 ubi
1469 2574 1544 2611 pro
1570 2573 1708 2611 quan-

226 2615 471 2667 doquidem,
511 2617 738 2668 siquidem,
779 2632 1002 2671 usurpare,
1051 2627 1099 2659 ut
1135 2624 1289 2662 Horat.
1330 2631 1367 2659 2.
1411 2617 1490 2656 Od.
1536 2617 1598 2664 13,
1638 2615 1705 2654 33.

228 2672 346 2721 Quid
370 2674 554 2710 miram?
585 2686 656 2710 UBI
686 2675 776 2711 illis
804 2678 1061 2715 carminibus
1084 2687 1254 2729 stupens
1279 2676 1461 2713 demittit
1481 2681 1598 2710 atras
1618 2671 1706 2709 bel-

226 2728 300 2764 lua
331 2732 535 2778 eenlteeps
564 2743 701 2769 aures,
730 2732 886 2770 Verum
913 2746 965 2770 ex
995 2732 1059 2770 his
1094 2734 1284 2771 omuibus
1314 2744 1398 2768 non
1425 2731 1704 2781 consequitur,

225 2780 249 2822 ὁ
276 2781 377 2836 γοῦν
401 2783 468 2822 hic
498 2781 739 2835 legendum,
767 2800 859 2826 cnm
889 2787 1124 2840 Cynaethus
1150 2803 1232 2828 non
1262 2793 1355 2825 ante
1382 2785 1615 2824 nominatus
1640 2784 1704 2820 Sis-
