1788 3209
385 225 453 256 IN
520 223 661 255 rno
728 220 1198 255 IMAGINIBUS.
1434 208 1532 258 443

158 334 283 380 stad.
311 334 336 371 l.
372 330 436 376 14.
473 329 575 378 Πῶς
595 353 648 361 -
669 327 861 384 ποιητής)
899 332 1117 371 Pindarus
1143 332 1252 372 haud
1280 332 1427 384 dubie3
1462 337 1533 375 sed

64 392 174 430 inter
201 406 271 439 ea,
303 404 405 441 quae
433 389 557 427 hodie
587 394 827 435 supersunt,
855 401 938 425 non
968 396 1111 427 exstat.
1143 390 1301 430 SOLAN.

178 447 285 485 Eacl.
307 446 333 484 1.
374 458 431 495 ¹7·
457 441 607 497 Ὁρᾷς)
635 439 766 494 ‘Oqu-
805 441 963 491 ὁποίοις
999 441 1124 485 αὐτόν
1154 441 1381 496 (Γλαῦκον)
1419 449 1536 496 θεοῖς

65 502 224 550 εἴκασες
266 499 471 555 (Όμηρος
504 496 675 548 scilicet)
714 496 866 550 μᾶλλον
892 500 932 540 δὲ
963 501 1032 540 καὶ
1071 497 1207 542 αὐτῶν
1238 501 1406 543 ἐκείνων
1431 500 1536 545 οἷπὲ-

67 572 185 610 φηνε.
243 557 382 595 Locus
422 559 527 595 bono
565 568 687 591 sensu
725 556 956 593 mutilatus:
995 557 1258 596 condonanda
1285 557 1421 610 itaque
1451 574 1537 599 non

65 603 188 652 nimis
216 613 442 664 perspicaci
464 610 677 661 interpreti
707 617 846 649 nostro
884 611 1034 649 insulsa
1060 614 1218 657 versio,
1257 614 1394 658 vides,
1428 631 1537 667 qna-

66 670 179 707 libas
204 670 308 706 Diis
344 671 482 719 ipsum
507 667 787 704 assimilarit?
827 669 928 719 quin
963 669 1105 718 potius
1142 671 1247 718 ipsis
1277 671 1537 721 imaginibus

65 726 280 774 expressit.
335 724 420 762 Ubi
448 722 514 760 hic
543 729 817 759 memorantur
845 723 1066 773 imagines?
1114 723 1241 769 Puto,
1273 738 1363 762 eum
1392 727 1539 777 legisse

67 776 258 826 εἰκόνων,
293 794 380 818 non
415 778 589 820 ἐκείνων.
645 778 701 815 At
733 778 803 817 vel
841 779 899 816 sic
932 792 1008 816 nec
1038 778 1194 816 Graece
1222 779 1264 816 id
1292 794 1413 819 sensu
1440 796 1538 821 sano

70 836 294 885 diceretur,
324 849 399 874 nec
426 841 538 873 recte
567 832 717 871 Latine
745 835 852 872 verti
882 841 1030 886 posset.
1085 834 1307 879 Lucianus,
1338 851 1417 888 quo
1436 852 1539 889 pro-

67 891 210 940 baret,
239 891 559 942 comparationes
584 889 779 941 petendas
811 904 898 927 esse
935 891 983 928 ab
1023 890 1146 929 rebus
1176 891 1344 929 minime
1372 891 1541 932 viliori-

69 947 144 985 bus
175 954 216 998 eg:
246 947 537 992 inferioribus,
562 945 701 983 attulit
725 946 960 997 exemplum
992 946 1161 995 Glauci,
1193 947 1242 984 de
1271 961 1350 998 quo
1379 951 1541 986 Home-

66 1016 139 1039 rus
169 1002 347 1051 dixerit,
379 1017 430 1040 ne
457 996 670 1040 Pollucem
696 1001 872 1052 quidem,
905 1015 1038 1052 neque
1066 1003 1398 1042 robustissimum
1425 1006 1542 1043 Her-

68 1057 225 1107 culem,
261 1072 402 1096 manus
441 1070 531 1095 suas
575 1062 717 1094 contra
761 1071 853 1094 eum
896 1057 1047 1095 audere
1087 1059 1246 1099 tollere.
1314 1060 1426 1105 Jam,
1467 1061 1539 1108 ait,

67 1114 203 1151 viden'
220 1141 231 1159 ,
261 1115 408 1165 quibus
431 1114 536 1150 Diis
566 1112 771 1151 Homerus
807 1113 1009 1152 Glaucum
1037 1117 1329 1166 comparavit?
1372 1118 1475 1167 quin
1503 1125 1543 1153 es

68 1170 158 1206 illis
209 1171 315 1220 ipsis
363 1169 608 1207 declaravit.
654 1167 876 1206 Mar-cilius
923 1168 1096 1221 pulchre
1144 1171 1273 1219 vidit,
1319 1170 1544 1210 desiderari

68 1224 259 1279 κρείττω·
288 1238 371 1263 non
393 1231 557 1262 tantum.
578 1224 733 1262 scilicet
770 1225 863 1262 Diis
891 1226 1144 1276 comparavit
1168 1228 1375 1265 Homerus
1410 1228 1544 1265 Glau-

70 1294 190 1325 cum,
234 1281 306 1318 sed
358 1286 399 1319 et
434 1281 484 1317 iis
535 1279 750 1317 fortiorem
791 1280 1025 1321 declaravit.
1089 1282 1313 1320 Possumus
1363 1283 1545 1321 molliori

73 1336 357 1374 emendatione
387 1335 578 1385 defungi,
608 1335 788 1386 legentes
817 1332 969 1386 οἷμείνω
999 1350 1075 1387 pro
1101 1337 1288 1378 ἐκείνων·
1331 1339 1451 1389 plane
1480 1339 1543 1376 uti

70 1392 195 1429 modo
223 1392 453 1443 praecessit,
481 1387 571 1438 ἑνός
598 1387 749 1442 α’νδρός
774 1390 902 1445 ἔλεγεν
926 1388 1079 1445 οἷμείνω
1108 1391 1211 1434 εἶναι
1233 1390 1370 1435 αὐτόν.
1429 1395 1543 1433 Haec

70 1447 151 1499 jam
180 1448 445 1498 scripseram,
478 1447 548 1484 ubi
584 1447 628 1485 in
666 1448 947 1486 Florentinum
987 1448 1066 1488 Ed.
1095 1449 1304 1498 incidens,
1343 1450 1430 1489 vidi
1457 1451 1545 1488 illic

72 1503 182 1541 clare
211 1504 268 1541 ita
292 1503 394 1553 legi,
421 1516 465 1540 ac
494 1503 582 1553 ipse
611 1504 927 1555 constitueram,
965 1504 1045 1541 nisi
1075 1505 1183 1556 qnod
1207 1506 1293 1556 ipsa
1323 1519 1407 1544 vox
1445 1506 1546 1546 ἐκεί-

71 1574 156 1599 νων
183 1564 343 1596 servata
367 1565 429 1596 cst
454 1560 625 1609 integra.
682 1559 868 1611 Nempe,
903 1559 1061 1612 μᾶλλον
1094 1561 1137 1600 δὲ
1175 1562 1245 1602 καὶ
1272 1557 1410 1603 αὐταῖν
1437 1561 1546 1602 ἐκεί-

72 1630 157 1655 νων
194 1611 344 1667 ἀμείνω
374 1610 578 1669 ἆπέφῃνε.
637 1613 785 1653 Aldina
805 1615 895 1654 Ed.
924 1615 1118 1667 perinde,
1147 1630 1192 1654 ac
1217 1618 1421 1669 reliquae,
1450 1631 1547 1655 mu-

72 1671 144 1708 tila
174 1678 245 1710 est.
277 1671 392 1707 JENS.
450 1671 735 1721 Adscripserat
768 1671 1001 1711 Hemsterlz.
1037 1672 1240 1723 principio
1270 1671 1391 1724 hujus
1426 1679 1550 1711 notae

72 1727 323 1764 Jensicmae:
349 1726 544 1774 Fallitur3
575 1740 667 1763 nam
688 1740 763 1763 nec
784 1727 986 1764 Glaucum
1013 1727 1281 1766 Homericum
1311 1731 1547 1776 Lamianus,

73 1781 145 1819 sed
176 1780 408 1831 Carystium
437 1781 653 1831 intelligit,
683 1795 817 1833 neque
845 1782 945 1820 adeo
973 1784 1214 1823 Ilomerzmz.
1243 1785 1398 1823 Rem-z.

184 1838 292 1876 [oid.
314 1835 491 1878 ,Μᾶλλον
513 1837 556 1877 δὲ
578 1837 648 1877 καὶ
670 1834 809 1878 αὐτῶν
831 1838 1015 1884 ἐκείνων)
1038 1837 1212 1880 Μᾶλλον
1226 1841 1267 1880 δὲ
1288 1840 1356 1881 καὶ
1380 1839 1547 1892 κρείττω

73 1888 212 1933 αὗτῶν
252 1892 426 1933 ἐκείνων.
466 1894 652 1930 MAncm.
710 1893 909 1941 veritur,
947 1895 1052 1946 quim
1076 1899 1221 1944 potius
1250 1898 1357 1946 ipsis
1386 1899 1551 1948 isturgi-

73 1949 197 1986 nibus
224 1951 435 1998 expressit.
495 1949 574 1986 Sea]
607 1963 747 1987 sensus
777 1949 974 2000 requirit,
1005 1953 1109 2000 quin
1143 1959 1180 1988 et
1204 1954 1410 2002 potiorem
1440 1954 1548 2004 ipsis

75 2006 284 2054 expressit.
316 2004 488 2046 Guwrr.
546 2005 601 2042 At
624 2005 726 2056 jam,
757 2018 850 2042 cum
879 2004 1032 2057 ἀμείνω
1054 2007 1372 2052 restituerimus,
1402 2021 1547 2045 emen-

77 2058 238 2097 datione
265 2058 531 2098 Μανοίίιάηα
554 2074 638 2098 non
675 2074 776 2111 opus
813 2065 889 2102 est,
943 2062 1061 2098 Patet
1089 2061 1279 2110 interim,
1311 2068 1424 2100 recte
1455 2077 1550 2102 cum

78 2115 313 2166 conjecisse.
370 2115 507 2152 Sensit
542 2115 651 2153 idem
692 2117 894 2153 Gesnerus
926 2116 996 2155 vel
1026 2129 1079 2153 ex
1109 2118 1367 2168 conjectura,
1399 2118 1465 2156 vel
1494 2132 1550 2156 ex

77 2171 212 2208 Jensz'c·
240 2170 378 2211 Lectt.
405 2170 578 2209 Lucian.
608 2172 882 2221 perspicienS,
917 2174 1241 2223 comparativum
1269 2173 1431 2221 deesse,
1477 2175 1550 2226 qui

78 2238 172 2263 cum
207 2228 407 2272 majorem
443 2227 488 2263 in
522 2227 712 2264 versione
746 2226 974 2274 addiderit,
1020 2241 1103 2265 non
1140 2229 1228 2266 visa
1267 2228 1551 2268 emendatione

76 2287 236 2327 nostra,
263 2280 383 2331 μείζω
415 2281 578 2319 videtur
604 2283 847 2330 conjecisse3
879 2283 1044 2333 reposui
1072 2289 1208 2322 tamen
1239 2287 1469 2335 potiorem,
1502 2291 1551 2325 ut

81 2349 176 2374 cum
207 2333 361 2386 οἷμείνω
390 2336 527 2374 versio
558 2338 811 2377 conveniret.
839 2338 995 2376 Rffl'rz.

192 2392 299 2433 lln'cl.
329 2390 540 2440 Γλαῦκος)
567 2393 634 2431 De
664 2393 726 2431 his
752 2393 848 2441 vide
876 2394 924 2432 ad
944 2394 1103 2435 Herod.
1128 2409 1162 2437 c.
1191 2397 1231 2434 8.
1262 2401 1305 2434 et
1332 2395 1412 2446 Qu.
1442 2396 1552 2435 Hist.

82 2445 250 2485 Conscr.
280 2462 314 2485 e.
346 2449 414 2487 35.
443 2448 559 2486 Adde
590 2455 632 2486 et
660 2448 785 2487 Cone.
814 2450 941 2488 Deor.
967 2464 1003 2491 c,
1042 2463 1104 2493 12.
1135 2451 1293 2489 SOLAN.

191 2503 298 2540 Ead.
330 2504 361 2542 l.
399 2506 439 2543 li.
468 2500 744 2556 Ηῦὃοκίμουν)
785 2504 940 2543 Omnes
977 2504 1079 2544 libri
1113 2502 1364 2560 εὐδοκίμουν.
1403 2506 1551 2559 Neque

80 2555 150 2595 hio
177 2559 313 2597 solum
338 2558 413 2596 hac
441 2560 485 2597 in
518 2573 621 2598 voce
648 2567 851 2611 peccatur.
882 2562 1042 2602 SOLAN.
1092 2559 1376 2614 Εὐδοκίμουν)
1406 2562 1553 2612 Quan-

82 2614 234 2652 tumvis
265 2615 444 2653 solanus
470 2615 610 2667 jubeat
639 2611 776 2665 ηὐδοκ.
807 2630 901 2656 cum
928 2623 1143 2669 augmento
1171 2619 1344 2670 reponi,
1375 2631 1451 2669 ego
1479 2625 1554 2657 ta·-

84 2680 179 2706 men
209 2668 314 2707 nihil
341 2674 517 2719 mutavi,
547 2679 633 2710 tum
661 2679 827 2724 propter
846 2674 1046 2712 librorum
1066 2687 1322 2721 consensum,
1351 2676 1555 2728 tumyquia

88 2729 129 2762 et
157 2738 279 2776 supra
314 2740 397 2765 non
435 2725 559 2766 semel
599 2727 778 2768 vidimus
821 2737 1033 2780 augmenta
1073 2730 1266 2780 neglecta.
1304 2728 1410 2776 Adi,
1449 2743 1555 2782 quae
