1788 3209
226 189 330 234 612
580 195 1352 227 ΑΒΝοΤΑΤῐοΝΕε

224 313 374 363 Neque
412 307 521 346 enim
563 307 616 343 iis
649 305 755 342 male
783 319 867 342 esse
901 306 1096 344 continuo
1133 304 1379 343 censendum
1418 311 1505 354 est,
1550 307 1697 357 quibus

227 382 349 418 opes,
390 364 631 409 facultates,
667 360 940 411 fortunaeque
975 375 1093 412 quau]
1136 361 1404 412 amplissimae
1433 376 1514 399 non
1541 357 1697 412 obtige-

222 426 331 464 rint:
365 434 458 458 cum
494 424 539 455 ut
567 417 789 468 plurimum
819 417 1023 465 invidiae,
1059 417 1256 468 malisque
1282 418 1438 454 artibus
1467 418 1598 455 omnis
1627 427 1701 468 gei

224 479 360 522 neris,
393 476 527 513 minus
558 478 746 524 pateant,
793 473 862 522 qui
892 472 934 510 in
976 472 1111 510 medio
1140 474 1288 523 positi,
1327 472 1456 521 nihil,
1494 473 1545 511 ob
1587 473 1701 526 quod

224 540 440 587 petantur,
482 529 649 568 habent.
709 527 902 565 Tutiores
941 528 1102 578 itaque,
1150 543 1252 579 quae
1280 529 1491 566 felicitatis
1517 541 1601 567 nou
1630 530 1701 567 in-

225 591 322 629 fima
350 602 436 626 sors
468 593 547 631 est3
578 598 653 622 nec
683 598 705 621 a
732 584 921 621 fortunae
951 585 1043 621 telis
1073 590 1254 632 tantum,
1283 583 1352 621 sed
1384 591 1424 622 et
1453 598 1474 622 a
1506 586 1702 636 volupta-

227 653 317 684 tum
347 641 659 692 ambitionisque
686 639 916 686 illecebris,
946 653 967 676 a
997 640 1146 690 quibus
1176 654 1294 691 saepe
1325 640 1431 691 capti
1461 640 1704 691 opulentio-

226 716 316 749 res,
363 701 406 737 in
442 698 618 746 tragicos
657 696 771 743 sere,
812 705 925 732 certe
962 695 1219 733 foedissimos
1255 697 1415 745 exitus,
1461 697 1703 747 praecipi-tes

226 762 449 797 ruunt....
479 753 561 790 Sed
599 751 696 803 quid
733 764 805 802 ego
845 750 943 788 haec
981 765 1090 789 nunc
1132 766 1358 804 exsequor,
1397 754 1589 790 Luc-iano
1625 750 1704 804 ipsi

228 815 351 851 toties
381 818 421 848 et
458 809 671 846 observata
704 814 816 845 recte
853 813 893 844 et
931 806 1240 846 demonstrata?
1286 809 1395 856 Quia
1424 814 1559 846 tamen
1585 808 1705 846 aliter

228 869 298 908 hic
330 862 570 919 quibusdan}
594 864 744 902 sentire
771 863 908 900 forsan
943 864 1180 912 videbitur,
1223 870 1264 902 et
1299 878 1472 915 quorum
1504 864 1601 901 alibi
1630 878 1707 903 va-

229 927 401 963 nitatem
432 926 643 969 arguerat,
685 933 731 956 ea
761 933 869 956 nunc
901 920 1008 957 bona,
1046 917 1217 967 ducere3
1256 922 1454 958 rationem
1484 920 1706 970 providen-

230 982 337 1028 tiae,
374 978 490 1016 bonis
530 976 629 1013 haec
670 972 886 1026 aliquando
925 988 1006 1012 non
1051 977 1299 1023 tribuentis,
1339 977 1448 1014 ultra
1471 989 1590 1027 quam
1619 978 1708 1027 ipse

230 1036 363 1082 vidit,
393 1032 693 1085 pervideamus,
750 1031 809 1067 Ut
839 1044 934 1081 ergo
964 1033 1101 1082 pueris
1133 1046 1214 1069 non
1244 1044 1405 1070 omnem
1431 1031 1601 1069 ludendi
1630 1045 1710 1070 ve-

231 1093 364 1138 niam,
392 1092 461 1141 qui
487 1090 648 1138 sapiunt
678 1087 897 1137 faventque
924 1086 1033 1124 haud
1063 1089 1203 1135 stulte,
1236 1094 1423 1138 parentes
1453 1087 1709 1136 concedunt3

232 1147 304 1185 sed
345 1160 431 1183 eam
470 1145 626 1192 solum,
668 1157 769 1194 quae
808 1156 899 1179 cum
941 1143 1179 1192 honestate,
1222 1144 1486 1195 corporisque
1513 1150 1555 1181 et
1584 1142 1710 1183 animi

231 1202 395 1242 liberali
425 1200 611 1251 prosectu
650 1199 865 1247 conjuncta
897 1205 981 1239 est:
1018 1200 1074 1237 ita
1103 1206 1143 1237 et
1170 1201 1309 1244 bonis,
1349 1213 1449 1251 quos
1478 1212 1577 1237 vere
1604 1213 1712 1251 pue-

232 1274 301 1298 ros
332 1257 478 1294 educat
521 1254 757 1305 eruditque,
802 1253 936 1291 Deum
976 1255 1072 1305 Opt.
1113 1256 1228 1295 Max.
1268 1269 1359 1293 cum
1386 1254 1590 1303 consulit,
1630 1269 1712 1293 non

237 1314 469 1366 gratissima
495 1324 675 1361 semper,
717 1310 789 1347 sed
817 1311 969 1360 optima
997 1317 1038 1348 et
1068 1311 1117 1349 ad
1143 1312 1342 1349 virtutem
1373 1310 1714 1349 accommodatis-

235 1372 364 1417 sima,
397 1368 492 1405 dare
523 1367 650 1404 decet.
710 1364 833 1404 Unde
858 1366 938 1415 jam
971 1367 1067 1405 satis
1094 1368 1243 1418 liquet,
1277 1369 1317 1404 ei
1338 1380 1420 1404 non
1439 1367 1577 1405 statim
1605 1367 1714 1404 male

236 1440 346 1474 esse,
371 1425 439 1461 cui
469 1423 517 1460 ad
548 1423 782 1473 vuluptates
811 1421 961 1461 aliasve
991 1424 1235 1474 cupiditates
1263 1437 1345 1460 non
1370 1429 1593 1474 suppetunt
1625 1436 1715 1460 am-

236 1482 439 1535 plissimae
466 1480 606 1531 copiae
633 1493 676 1516 ac
705 1479 930 1518 facultates,
989 1481 1071 1529 At,
1109 1480 1304 1532 inquiunt
1329 1477 1517 1518 Dafnidis
1547 1479 1715 1524 similes,

236 1552 322 1577 non
364 1536 510 1575 desunt
548 1541 708 1573 tantum
756 1535 870 1572 bonis
909 1536 1033 1584 bona,
1085 1535 1159 1573 sed
1199 1537 1348 1574 adsunt
1388 1535 1517 1584 mala,
1563 1536 1716 1587 inopia,

239 1600 496 1640 contemtus,
525 1591 714 1642 injuriae,
746 1604 854 1629 mors
885 1592 971 1642 ipsa
999 1592 1253 1644 quandoque,
1285 1599 1324 1630 et
1347 1592 1566 1631 cruciatus.
1622 1591 1717 1644 Ad·-

240 1656 338 1688 sunt
368 1647 605 1698 aliquando,
636 1648 796 1695 fateor,
827 1662 927 1698 quae
957 1661 1119 1686 narras:
1163 1648 1231 1686 sed
1254 1663 1303 1686 an
1336 1648 1435 1685 mala
1461 1649 1567 1696 sint,
1608 1648 1720 1696 vide,

242 1719 345 1757 quae
375 1704 542 1741 sortiter
571 1703 744 1740 serendo
774 1703 847 1741 vix
872 1704 970 1754 ipsis
996 1705 1078 1742 tuis
1104 1705 1355 1755 sapientibus
1377 1704 1479 1741 mala
1500 1705 1587 1742 visa
1610 1709 1720 1752 sunt,

240 1760 394 1800 nedum
423 1760 540 1796 nobis
569 1759 833 1806 Christianis,
875 1761 1020 1809 quibus
1047 1759 1195 1799 horum
1227 1761 1409 1799 omnium
1438 1760 1543 1799 ratio
1570 1774 1622 1799 ex
1650 1773 1722 1798 re-

241 1817 447 1854 velatione
476 1815 656 1866 penitius
685 1821 894 1865 perspecta
924 1822 998 1853 est.
1056 1816 1181 1854 Hisce
1211 1817 1319 1855 enim
1341 1817 1536 1854 virtutem
1558 1815 1748 1868 patien-‘

243 1875 427 1922 tiamque
468 1884 633 1908 suorum
673 1872 908 1920 ingenerat,
952 1871 1111 1920 firmat,
1149 1879 1191 1910 et
1232 1872 1281 1909 ad
1316 1886 1519 1910 summum
1558 1870 1723 1910 tandem

244 1928 437 1980 perducit
465 1926 656 1976 gradum3
685 1933 732 1963 ut
762 1940 854 1963 cum
886 1926 1074 1971 sortiter,
1102 1928 1241 1966 luctati
1274 1942 1366 1966 cum
1403 1928 1489 1975 his,
1529 1927 1723 1966 decerta-

243 1984 382 2021 verint
400 2012 415 2030 ‚
447 1981 759 2020 immortalitate
787 1981 973 2029 tandem,
1003 1997 1080 2034 qua
1110 1985 1344 2023 continetur
1372 1985 1547 2022 felicitas
1578 1984 1723 2033 omnis,

248 2040 388 2079 donet.
446 2038 544 2076 Non
585 2052 680 2089 crgo
718 2052 811 2075 cum
851 2039 1001 2076 Solone
1042 2046 1113 2077 tuo
1150 2041 1310 2078 exitum
1347 2039 1524 2078 hominis
1561 2052 1614 2078 ex
1648 2038 1724 2078 hac

246 2096 333 2134 vita
364 2095 495 2132 solum
526 2101 762 2146 exspecteS‚
797 2100 844 2132 ut
875 2095 924 2133 de
955 2095 1210 2134 beatitudine
1239 2098 1325 2149 ejus
1353 2097 1615 2148 pronunties;
1653 2094 1725 2133 sed

249 2149 347 2204 quid
378 2150 482 2188 hanc
508 2151 630 2188 vitam
665 2157 876 2203 sequatur,
907 2153 1090 2202 respice,
1129 2158 1170 2190 et
1198 2154 1241 2191 in
1268 2155 1444 2192 rationes
1469 2153 1605 2200 refer,
1631 2153 1726 2204 qui-

250 2221 411 2258 cunque
439 2206 488 2243 de
520 2207 780 2257 providentia
807 2207 1061 2257 judicaturus
1084 2209 1262 2257 accedis;
1290 2224 1341 2248 ne
1371 2209 1488 2247 stulti
1514 2215 1584 2248 aut
1608 2208 1728 2260 pravi

249 2264 552 2302 ratiocinatoris
583 2264 743 2314 culpam
771 2264 940 2311 subeas,
978 2265 1086 2302 levia
1114 2271 1154 2302 et
1187 2266 1342 2304 minuta
1370 2266 1575 2318 putantis,
1612 2278 1728 2303 sum-

254 2333 361 2358 mam
403 2319 464 2356 rei
500 2325 542 2356 et
584 2325 706 2369 caput.
744 2320 984 2361 omittentis.
1055 2321 1178 2359 Malis
1211 2328 1348 2361 autem
1385 2336 1478 2361 cum
1514 2323 1620 2360 bene
1649 2326 1728 2368 est,

252 2375 425 2427 patescit
453 2375 534 2411 Dei
566 2388 657 2412 cum
688 2375 936 2426 benignitas,
968 2382 1056 2415 tum
1086 2377 1308 2429 patientia,
1350 2392 1473 2430 quae,
1503 2384 1550 2417 ut
1576 2376 1730 2428 resipi-

255 2437 395 2477 scant,
446 2431 616 2478 invitat,
654 2430 750 2468 dum
792 2433 1066 2480 poenitentiae
1109 2434 1220 2472 locus
1262 2441 1348 2482 est,
1384 2435 1729 2484 imminentesque

256 2487 443 2539 quamvis
475 2485 604 2534 seras,
633 2493 760 2524 certas
788 2493 947 2535 tamen,
974 2489 1173 2528 scelerum
1202 2504 1352 2541 poenas
1391 2490 1593 2540 effugiant.
1636 2489 1729 2526 ,Se-
1749 2514 1766 2527 x

256 2557 381 2580 nec-ae
418 2543 554 2580 locum
596 2543 761 2581 unicum
801 2549 841 2580 et
869 2545 1091 2583 Laetantii
1124 2546 1298 2585 alterum
1327 2545 1393 2583 hic
1432 2546 1567 2584 locum
1596 2543 1730 2582 addu-

258 2612 369 2646 cam,
414 2599 484 2651 qui
520 2612 616 2636 sane
643 2599 685 2635 in
716 2612 802 2637 eam
832 2612 919 2637 rem
956 2600 1037 2651 legi
1068 2608 1107 2640 et
1137 2602 1337 2653 perpendi
1369 2601 1475 2639 serio
1503 2607 1730 2640 merentur.

262 2654 345 2702 Qui
381 2669 469 2693 rem
509 2660 793 2705 pertractatam
831 2655 974 2694 videre
1021 2657 1182 2705 volent,
1220 2656 1444 2695 Slzerlockti
1484 2658 1550 2694 De
1577 2657 1729 2694 l’rovi-
1766 2676 1769 2681 ¹

261 2709 398 2749 dcntia
424 2711 576 2751 librum
602 2710 774 2762 adeant,
813 2711 884 2764 qui
911 2713 1086 2764 Anglico
1113 2714 1308 2753 idiomate
1334 2713 1601 2767 conscriptus,
1626 2712 1730 2752 Gal-
