1788 3209
230 215 327 259 478
604 227 1339 261 ADNOTATIONES

225 340 373 390 δαμιδα
399 332 501 380 πολυ
524 335 681 390 μαλλον
703 332 925 389 ἐθαύμασα
948 335 1028 378 τοῦ
1062 331 1278 388 θάρσους,
1318 340 1578 382 scribendum
1607 341 1697 386 Eu..

226 396 417 445 δαμίδαν.
469 394 546 432 Est
587 393 694 431 enim
725 394 772 431 ab
816 390 1065 445 Εὐδαμίδας.
1121 394 1169 431 In
1209 395 1349 434 eadem
1387 398 1532 461 paugina
1557 401 1695 451 paullo

226 457 319 489 ante
345 452 431 488 sine
470 463 595 488 sensu
633 449 806 516 legitur,
849 453 888 491 οἱ
912 443 1156 514 κληρονόμοι
1185 450 1249 497 δὲ,
1278 452 1340 499 οἷς
1367 451 1501 495 ταῦτα
1529 456 1696 498 κατελέ-

227 511 387 554 λειπτο,
424 521 480 552 ως
518 503 721 555 ἤκουσαν,
757 500 859 556 ἦκον
897 500 1030 552 εὐθυς
1058 504 1296 555 διαιτωντες
1335 524 1388 549 τα
1417 508 1464 550 ἐκ
1491 508 1575 552 τῶν
1603 514 1697 554 δια-

227 561 386 612 θηκῶν.
444 563 644 601 Vertunt:
678 562 738 599 At
773 561 960 607 heredes,
995 561 1147 613 quibas
1179 564 1261 601 ista
1290 573 1409 602 erant
1434 566 1503 617 leg
1479 575 1607 613 ‹rata;
1648 576 1695 607 ιιι

225 619 470 666 audierant,
501 619 614 656 illico
641 626 864 662 venerunt,
905 625 1172 670 agnoscentes
1206 633 1280 666 ea,
1320 634 1427 672 quae
1452 630 1696 662 testamento

225 683 345 712 erant
381 674 595 712 mandata.
661 673 775 722 Quid
811 672 920 711 hoc?
966 686 1065 711 num
1116 673 1286 726 διαιτᾷν
1334 683 1395 714 est
1441 680 1698 728 agnoscere?

224 729 362 768 Locus
398 736 461 767 est
470 735 728 795 corruptus.
792 729 1000 769 Existimo
1049 730 1289 768 Lac-ianam
1322 731 1534 784 scripsisse
1567 730 1699 776 ἅπαι-

224 785 391 834 τοῧντες
429 802 480 826 τα
514 786 558 827 ἐκ
596 801 680 827 των
717 783 958 834 διαθηκῶν,
992 793 1203 836 petent-2³3,
1248 801 1353 838 quae
1382 789 1428 825 in
1456 797 1698 828 testamento

223 844 313 880 illis
339 851 460 880 etant
484 843 639 906 legat?’
697 842 802 879 Nam
832 840 998 882 διαιτέω
1028 854 1111 878 non
1137 843 1305 880 memini
1326 843 1434 895 apud
1455 858 1698 897 quemquam

221 899 429 938 invenirit
469 898 540 936 sed
579 894 760 939 οἷπαιτέω
789 899 981 935 Lac-zano
1019 902 1082 934 est
1120 896 1699 942 familiale.GRAssv.E1Jffa-

221 952 359 1006 μίδαν)
396 952 610 1006 Perperam
640 954 849 1004 legebatur
876 950 1104 1005 Εὐδαμίδα
1131 953 1183 993 V.
1214 955 1386 992 Θιαενὶί
1412 956 1508 995 Not.
1538 957 1698 998 SoLAN.

221 1006 452 1061 Εὐδαμίδα)
485 1007 738 1063 Εὐδαμίδαν.
795 1008 842 1047 In
875 1009 1064 1050 Addend.
1101 1009 1180 1049 Ed.
1215 1010 1363 1049 Graev.
1390 1009 1565 1064 Mbnag.
1594 1014 1700 1052 Item

227 1068 368 1117 Guyet.
396 1068 550 1107 RmTz.

334 1123 441 1161 Eacl.
467 1122 493 1159 l.
529 1136 590 1162 ιι.
609 1119 822 1173 ”Επραξεν
853 1117 917 1161 ἐπ’
938 1117 1092 1171 αὐτοῖς)
1121 1121 1320 1159 Monente
1343 1122 1388 1160 in
1409 1136 1533 1174 marg.
1561 1125 1700 1162 Hem-

219 1178 421 1216 sterlmsio
450 1177 532 1214 adii
560 1179 613 1216 L.
643 1179 727 1214 Bos
756 1178 806 1215 ad
833 1179 926 1216 Act.
965 1178 1049 1228 Ap.
1082 1178 1135 1221 V,
1167 1178 1231 1215 35.
1270 1177 1437 1229 vidique
1472 1179 1590 1218 illum
1618 1179 1698 1218 hoc

220 1234 395 1271 adducto
433 1235 620 1270 chciani
657 1233 753 1270 loco
793 1233 1032 1280 docentem,
1070 1240 1110 1271 et
1139 1233 1326 1283 Apostoli
1355 1235 1480 1272 verba
1506 1236 1698 1274 similiter

220 1288 520 1335 construenda,
568 1288 831 1338 exponenda5
876 1303 967 1325 curn
1003 1289 1250 1340 interpretes
1288 1289 1411 1338 vulgo
1450 1291 1555 1328 male
1595 1305 1695 1328 con-

217 1346 448 1383 struxerint
485 1343 694 1399 προςέχετε
733 1344 800 1384 ἐπὶ
836 1339 1102 1395 α’νθρώποις,
1143 1358 1217 1394 pro
1247 1344 1460 1399 ποοςέχετε
1484 1346 1524 1386 τί
1551 1347 1694 1398 μέλλε-

216 1417 261 1443 τε
290 1396 490 1452 πράσσειν
519 1401 586 1440 ἐπι
610 1401 696 1447 τοῖς
725 1396 974 1466 ἇνθρώποις
1001 1397 1178 1446 τούτοις.
1209 1400 1362 1438 RfflTz.

331 1458 437 1498 Ead.
467 1457 496 1497 l.
531 1457 594 1496 15.
634 1452 890 1509 Ζηνόθεμιν)
931 1456 1036 1494 Vera
1077 1456 1176 1494 haec
1209 1470 1294 1494 esse
1323 1456 1572 1497 crediderim
1599 1464 1642 1497 et
1670 1473 1694 1499 a

218 1515 412 1552 Lueiczno
441 1513 544 1552 visa.
573 1513 729 1550 SOLAN.

303 1592 306 1594 -
329 1570 438 1607 Ead.
469 1570 495 1607 1.
532 1581 596 1618 17.
623 1564 774 1619 Ἰταλίᾳ
799 1564 1088 1621 πρεσβεύοντι)
1120 1567 1186 1606 De
1211 1581 1255 1605 se
1280 1567 1372 1620 ipso
1394 1569 1508 1621 loqui
1529 1568 1596 1608 hic
1620 1570 1696 1609 sub

217 1639 393 1676 persona
421 1627 656 1663 Lueianum
685 1631 842 1676 putem.
903 1625 1060 1663 Confer
1088 1638 1182 1662 cum
1209 1623 1291 1670 his,
1321 1639 1424 1677 quae
1452 1626 1498 1664 in
1526 1627 1696 1665 Somnio

219 1679 343 1720 habet
373 1695 462 1732 cap
494 1695 532 1732 9.
563 1682 721 1718 SOLAN.

330 1739 442 1788 Pag.
474 1738 542 1775 85.
574 1737 602 1774 1
629 1736 668 1775 4
701 1733 1009 1790 Πανλώβηδον)
1050 1736 1328 1775 Enumeratur
1365 1737 1474 1775 inter
1498 1735 1626 1777 verba'
1653 1738 1698 1777 in

215 1792 418 1843 Stephon.
456 1792 584 1831 Thes.
618 1792 855 1830 deficientia
894 1794 942 1829 ab
985 1794 1124 1830 Jemio
1162 1793 1206 1830 in
1241 1794 1361 1843 longa
1398 1794 1469 1831 illa
1506 1799 1603 1832 nota
1646 1794 1699 1833 ad.

216 1849 340 1899 Imag.
397 1848 488 1886 Nec
527 1848 678 1887 habent
716 1849 827 1888 Poll.
865 1848 982 1886 Said.
1017 1849 1201 1898 Hesych.
1240 1850 1451 1899 Harpocr.
1500 1849 1590 1887 Nec
1620 1864 1697 1901 ego

216 1905 315 1942 alibi
344 1904 438 1954 leni.
469 1904 860 1942 Hemsterlmsianis
883 1903 1034 1941 aiculis
1060 1918 1160 1955 opus
1189 1905 1304 1942 soret
1326 1904 1377 1941 ad
1402 1904 1499 1942 talia
1532 1905 1698 1943 aliunde

216 1961 450 2010 probanda,
481 1961 561 1998 nisi
593 1960 865 2011 compositum
892 1960 1033 1997 fictum
1063 1961 1117 1997 sit
1143 1960 1191 1998 ab
1214 1962 1429 2008 Lucian03
1457 1960 1530 1998 sed
1559 1963 1698 2013 λωβη-

215 2032 289 2062 τος
316 2023 482 2064 notum,
524 2023 564 2054 et
600 2029 654 2053 ex
681 2029 729 2052 eo
761 2015 935 2053 alterum
963 2016 1059 2053 satis
1096 2016 1365 2068 intelligitur,
1394 2029 1527 2068 neque
1552 2024 1700 2060 aucto-2

216 2073 410 2110 ritatibus
440 2072 491 2111 ad
520 2072 565 2110 id
593 2085 695 2134 opus
727 2071 982 2109 est.R131'rz.

331 2122 734 2169 Eacl.1.12.Yno
757 2143 838 2168 των
865 2124 1103 2179 ἑξακοσίων)
1131 2126 1225 2165 Vid.
1253 2128 1430 2177 Dionys.
1449 2129 1592 2167 Vossii
1619 2141 1699 2166 no-

216 2185 353 2222 tasin
384 2184 453 2222 lib.
494 2184 529 2225 Ι,
568 2185 685 2223 Caes.
727 2182 777 2220 de
813 2184 915 2221 Bell.
957 2184 1343 2234 Civ.p.302.1,A
1370 2183 1523 2222 CRoziz.
1582 2184 1697 2233 Quid

216 2239 412 2292 prohibet
454 2242 597 2279 Vos-sii
635 2245 773 2277 notam
812 2240 860 2277 ab
901 2240 946 2277 la
984 2241 1104 2277 Croze
1152 2239 1371 2277 indicatam
1409 2239 1699 2290 compendiose

218 2296 487 2334 describere?
517 2297 634 2334 Caes.
659 2296 768 2333 enirn
798 2296 844 2334 B.
877 2295 964 2334 Civ.
1004 2296 1036 2336 I.
1066 2309 1100 2335 e.
1131 2296 1197 2334 35.
1228 2295 1414 2333 dixerat:
1456 2296 1613 2333 Evocat
1639 2296 1700 2335 ad

217 2365 261 2390 se
312 2353 465 2389 Caesar
500 2353 847 2398 {Massiliensium
890 2352 985 2389 XV
1012 2353 1172 2402 primos
1210 2357 1287 2388 etc.
1339 2351 1390 2389 ad
1427 2365 1529 2404 quae
1576 2352 1622 2390 V
1617 2365 1695 2392 oss.

215 2407 528 2456 ,πεντεκαίδεκα
557 2422 842 2471 προεστωτας.
902 2409 1047 2456 Nam,
1075 2415 1122 2444 ut
1150 2421 1199 2443 ex
1223 2407 1425 2447 Strabone
1455 2407 1694 2446 discimusl.

214 2464 296 2504 IV.
338 2462 588 2505 διοικοῦνται
626 2478 981 2528 αριστοκρατικως
1010 2465 1049 2504 οἱ
1083 2461 1393 2504 Μασσαλιῶται
1429 2477 1595 2503 παντων
1621 2457 1694 2502 εὖ-

215 2527 462 2570 νομωτατοι
492 2516 655 2584 α’νδρων
686 2535 711 2571 χ
751 2533 1082 2568 καταστησαντες
1111 2518 1347 2571 συνέδριον,
1373 2514 1444 2559 δια
1471 2518 1565 2560 βίου
1589 2513 1691 2558 ταύ-

215 2591 294 2624 την
319 2572 504 2628 ἐχόντων
542 2592 618 2624 την
653 2592 798 2627 τιμην,
841 2590 916 2623 ους
960 2569 1190 2628 Τιμούχους
1219 2573 1406 2615 καλοῦσι.
1465 2574 1695 2615 Hemnat-

216 2632 313 2671 dena
341 2631 387 2672 δέ
411 2634 492 2672 εἰσι
515 2630 591 2672 τοῦ
619 2631 825 2697 συνεδρίου
852 2630 1130 2682 προεστῶτες,
1156 2627 1316 2677 τούτοις
1344 2629 1390 2671 δέ
1415 2647 1466 2670 τοι
1495 2625 1694 2684 πρόχειροι

214 2687 384 2728 διοικεῖν
420 2689 604 2729 δίδοται·
641 2682 763 2727 πάλιν
797 2685 839 2728 δὲ
880 2704 964 2727 των
991 2684 1033 2728 ιε’
1064 2683 1357 2740 προκάθηνται
1384 2701 1492 2737 τρεις
1516 2687 1554 2726 οἱ
1583 2686 1694 2727 πλεῖ-

214 2757 313 2785 στον
340 2741 566 2797 ἰσχυοντες.
623 2744 763 2795 Igitur
792 2745 972 2781 sexcenti
998 2746 1212 2781 Senator-ae
1239 2742 1601 2790 JWassz'liensibaS,
1646 2744 1691 2780 in
