1788 3209
348 260 425 300 IN*
457 265 725 297 noemma
772 265 905 298 SIVE
953 265 1205 301 Asmnm.
1423 254 1517 303 54}

48 382 208 418 Terent.
243 375 352 418 And.
389 378 451 427 V,
488 377 536 427 3,
586 378 648 417 18.
695 376 885 425 Habeat,
929 377 1091 424 valeat,
1132 380 1250 419 vivat
1285 393 1377 419 eum
1419 381 1514 430 illa,

45 436 167 475 sncile
193 434 375 485 adparet.
398 435 549 471 Rnrrz.

157 492 265 528 Eacl.
294 492 322 530 l.
358 501 421 531 12.
457 484 742 539 Θεοφὸρητος)
779 484 886 525 Illud
917 494 1074 527 certum
1102 489 1280 536 videtur,
1307 490 1375 529 hic
1405 495 1520 539 pari..

47 552 113 585 ter
141 553 183 583 et
223 547 361 599 paullo
396 552 506 597 post,
546 546 612 583 ubi
656 544 765 582 redit
792 542 869 581 hoc
899 557 1069 592 nomen,
1108 546 1212 584 nihil
1251 547 1300 584 de
1323 548 1522 588 instinctu

45 602 175 650 Deae,
202 608 272 639 aut
293 600 566 641 enthusiasmo
602 600 700 639 adeo
722 599 836 648 asini,
862 598 932 637 sed
960 600 1160 650 designari
1185 604 1378 653 gerulum
1399 606 1517 642 Deae

48 665 97 697 ut
118 657 334 708 Apulejas
363 659 551 709 appellat,
610 656 688 694 Sed
726 663 865 706 utrum
899 654 977 694 hoc
1004 657 1222 706 significari
1252 660 1383 710 possit
1411 664 1517 702 θεὼ

14 708 15 713 ’
50 710 254 767 φόρητος,
286 713 530 766 quaeritur?
571 713 699 750 Favet
727 717 854 760 certe,
884 711 990 764 quo‘d
1023 726 1076 750 ex
1103 714 1278 761 Polybio
1307 716 1523 766 profertur

47 765 407 822 α’ψηφοφόρητος,
432 771 523 820 jure
548 769 727 818 suffragii
757 781 921 815 carem,
957 769 1027 819 qui
1051 781 1134 806 non
1164 771 1247 808 sert
1272 770 1523 821 suffragium.

48 825 183 874 GEsN.
243 823 456 877 Θεοφόρος
483 824 768 874 corrigendum
806 829 849 861 et
889 822 977 872 hic,
1004 829 1047 863 et
1073 825 1210 875 paullo
1241 831 1361 877 post,
1387 829 1524 867 visum

50 886 111 918 est
137 880 240 919 Viro
267 882 403 919 Docto
434 882 479 919 in
507 881 649 919 Misce.
687 879 892 918 Observv.
934 879 1024 919 Vol.
1054 878 1101 917 Π.
1131 893 1173 931 p.
1203 882 1299 929 374.
1356 883 1521 921 Tuetur

50 942 186 974 autem
212 937 257 974 in
283 938 466 989 subjecta
495 943 592 975 nota
620 934 768 973 Editor
795 936 959 973 illarum
995 933 1113 973 Obss.
1142 937 1345 988 vulgatam
1371 937 1522 977 lectio·-

48 989 144 1030 nem
170 991 235 1030 his
263 993 423 1032 verbis:
454 993 574 1041 „Ima
602 986 813 1042 θεοφόρος
849 997 963 1030 recte
989 990 1220 1041 diceretur,
1248 993 1282 1030 si
1311 993 1523 1033 Lucienus

48 1047 171 1086 modo
201 1049 326 1087 vellet
352 1048 535 1087 indicare
563 1047 673 1086 hunc
702 1048 858 1086 asinum
886 1047 1000 1086 ferre
1028 1047 1143 1086 deam
1168 1048 1352 1099 Syriam3
1382 1056 1444 1098 at,
1472 1056 1522 1089 ut

47 1103 119 1142 ille
150 1104 440 1143 Samosatensis
475 1118 551 1143 nec
580 1104 657 1141 diis
686 1114 761 1141 nec
785 1101 1020 1141 hominibus
1045 1117 1214 1155 parcere
1237 1104 1405 1153 solebat,
1431 1108 1525 1143 asi-

49 1172 149 1197 num
178 1166 298 1198 vocat
334 1173 359 1199 a
392 1161 467 1198 deo
503 1162 738 1212 agitatum:
777 1159 891 1211 quasi
918 1159 1005 1211 ipse
1032 1161 1170 1197 asinus
1198 1166 1304 1198 esset
1333 1174 1438 1199 unus
1465 1175 1524 1201 ex:

48 1214 246 1253 ministris
275 1215 387 1258 deae.
415 1222 505 1254 tum
536 1228 698 1268 quoque
727 1215 851 1265 magis
888 1215 939 1252 ad
977 1228 1065 1254 rem
1099 1210 1182 1268 ἐγώ
1207 1213 1231 1256 ὁ
1258 1212 1522 1268 θεοφόρητος

49 1265 248 1322 ἱστάμην,
284 1273 355 1310 ille
393 1286 467 1323 ego
496 1286 524 1309 a
558 1272 635 1313 deo
673 1272 863 1322 agitatas
896 1265 1180 1312 cotisisteham.
1216 1285 1308 1311 cum
1340 1272 1524 1325 alioquin

48 1326 93 1363 in
120 1327 300 1365 maximo
330 1334 446 1365 motu.
474 1341 561 1366 esse
595 1327 752 1364 soleant
780 1324 945 1364 Enthei.
1004 1327 1072 1364 Sic
1098 1341 1222 1375 mox,
1258 1334 1304 1366 ut
1335 1342 1418 1367 non
1449 1343 1524 1367 or·-

50 1379 255 1421 djnarium
295 1389 516 1431 memorat,
554 1382 664 1435 quod
700 1376 961 1434 θεοφόρητος
998 1388 1133 1420 tamen
1170 1384 1299 1422 suerit
1336 1380 1522 1435 ἄφωνος,

50 1449 144 1476 cum
174 1438 328 1490 alioqui
353 1438 430 1476 deo
455 1438 555 1477 tacti
572 1445 709 1476 tacere
726 1439 800 1477 vix
820 1444 980 1490 queant.
1006 1439 1188 1489 Apzzlejo
1210 1441 1376 1478 Metam.
1408 1439 1524 1479 VIII.

50 1504 94 1545 p.
128 1495 218 1542 175.
246 1499 383 1532 tamen
409 1495 508 1532 deae
534 1495 719 1546 gerula&
745 1500 785 1532 at
811 1490 962 1531 ibidem
1001 1507 1039 1544 p.
1075 1507 1162 1543 171.
1189 1497 1300 1533 velut
1326 1496 1524 1547 lympha-

49 1551 158 1586 zicus
197 1550 340 1587 exilire
371 1551 622 1601 cogitabam.
659 1549 730 1589 sed
771 1550 907 1602 paullo
932 1550 1010 1588 alio
1040 1551 1203 1588 sensu.“
1256 1552 1393 1588 Lusus
1426 1553 1523 1604 qui-

51 1602 143 1643 dam
173 1604 326 1655 ingenii
355 1605 522 1652 (asinini
549 1606 728 1655 scil.>11'n
751 1604 825 1644 hac
854 1606 1053 1645 vocabulo
1080 1607 1213 1645 inesse
1241 1607 1421 1655 videtur,
1449 1608 1522 1661 qui

47 1660 151 1699 l'atet
177 1662 220 1698 in
249 1674 388 1699 sensus
416 1662 693 1712 ambiguitate.
720 1662 866 1700 LEHM.

159 1717 268 1756 ibid.
296 1712 349 1760 ‘0
378 1717 421 1758 δὲ
451 1714 628 1768 αὐλητῆς
655 1715 814 1771 ὅμιλος)
840 1718 893 1755 Η.
924 1731 960 1759 e.
988 1718 1212 1755 tibicinum
1241 1727 1387 1756 coetus.
1416 1719 1522 1757 Ele-

49 1776 195 1821 ganter
234 1770 390 1812 dictum
430 1787 506 1826 pro
547 1771 770 1825 αὐλητικός
806 1770 971 1825 ὅμιλος,
1023 1774 1362 1825 quemadmodum
1411 1775 1524 1824 apud

51 1827 266 1866 comicum
296 1829 401 1866 Pace
429 1830 521 1881 692.
550 1826 622 1871 τόν
648 1826 825 1881 δημότην
848 1825 1012 1881 ὅμιλον,
1051 1843 1124 1881 pro
1153 1825 1387 1879 δημοτικόν.
1426 1831 1523 1868 Vid.

49 1883 105 1921 ib.
135 1882 270 1921 Schol.
301 1882 350 1920 L.
380 1885 481 1923 Bos.
529 1882 723 1936 Anum-239
757 1882 896 1937 ὅμιλος
921 1885 1055 1923 nescio
1094 1899 1145 1923 an
1174 1884 1237 1923 his
1265 1893 1378 1924 recte
1407 1886 1523 1923 dica-

49 1944 133 1978 tur.
191 1936 409 1990 Tragicuni
449 1942 557 1979 enim
588 1950 660 1980 est.
692 1944 843 1992 Eurc'p.
881 1942 982 1979 Hec.
1011 1954 1106 1991 921.
1157 1935 1336 1982 Ναύταν
1378 1938 1523 1982 οὐκέθ’

48 1991 157 2045 ὄρῶν
189 1991 343 2047 ὅμιλον.
384 1997 543 2035 SOLAN.
599 1998 885 2048 Adscripserat
918 1996 1060 2036 Solan.
1094 1996 1180 2036 vid.
1218 1998 1327 2035 infra
1353 1998 1522 2036 Parasit.

50 2061 140 2100 cap.
163 2047 232 2091 43.
291 2052 352 2089 Ibi
379 2065 479 2090 vero
515 2052 621 2091 nihil
659 2053 770 2091 aliud
808 2052 997 2095 invenio,
1036 2066 1156 2102 quam
1190 2053 1263 2092 καὶ
1291 2050 1374 2099 πᾶς
1403 2049 1522 2101 οὗτος

50 2100 210 2155 ὅμιλος·
245 2107 447 2159 turbaque
483 2107 819 2159 philosophorum
853 2107 913 2145 ibi
947 2107 1213 2158 intelligithr;
1257 2108 1355 2160 quid
1384 2115 1523 2148 autem

50 2159 130 2199 hoo
159 2160 208 2198 ad
236 2162 359 2199 rem‘?
405 2162 495 2200 Nec
534 2165 630 2201 satis
662 2164 840 2210 indicat,
878 2176 957 2215 qua
994 2163 1045 2201 de
1069 2177 1116 2201 re
1142 2162 1326 2210 dubitet,
1357 2163 1407 2201 de
1433 2165 1522 2215 ipso

52 2213 252 2266 adparatu
282 2217 435 2255 musico
474 2217 555 2256 huc
593 2232 678 2258 non
717 2221 976 2270 pertinente,
1017 2232 1067 2256 an
1104 2219 1212 2270 quod
1243 2220 1391 2258 vitiosa
1419 2234 1523 2258 con-

48 2273 222 2310 structio
262 2269 437 2323 αύλητὴς
475 2270 630 2326 ὅμιλος.
695 2275 776 2313 Sed
817 2275 1026 2313 videamus
1070 2274 1263 2326 Euripid.
1312 2274 1362 2312 ad
1401 2289 1522 2326 quem

48 2335 258 2379 provocat.
313 2330 377 2367 Ibi
401 2329 596 2380 legimus,
624 2328 780 2371 ναύταν
802 2327 945 2371 οὐκέθ’
974 2326 1085 2383 ὅρῶν
1112 2325 1275 2383 ὅμιλον,
1307 2333 1523 2368 nauticam

50 2397 130 2420 non
159 2385 342 2434 amplius
360 2386 504 2422 videns
524 2387 843 2426 multitudinem.
901 2386 1024 2424 Unde
1051 2388 1132 2438 jam
1164 2387 1399 2434 credebam,
1426 2400 1522 2424 eum

47 2452 132 2476 non
173 2439 361 2478 dubitare
387 2441 569 2492 potuisse
599 2442 648 2479 de
678 2443 932 2481 substantivo
964 2437 1147 2491 αὐλητής
1183 2456 1258 2494 pro
1289 2437 1520 2491 αὖλητικὸς,

50 2494 162 2546 quod
191 2491 349 2536 ναύταν
377 2510 452 2545 pro
481 2493 670 2539 ναυτικδν
698 2499 887 2537 similiter
913 2506 974 2536 est
999 2500 1042 2536 in
1074 2502 1217 2549 Eur-ip.
1246 2498 1435 2550 quodque
1465 2512 1519 2536 ex

49 2551 264 2602 Aristoph.
293 2552 413 2590 modo
445 2555 562 2591 etiam
594 2555 781 2604 probavit
809 2556 913 2599 Bos,
942 2568 1098 2606 nosque
1127 2569 1249 2604 supra
1275 2556 1317 2591 in
1348 2567 1386 2592 2.
1418 2554 1518 2595 Ver.

50 2604 157 2646 Hist.
183 2621 268 2659 cap.
300 2609 366 2646 46.
397 2609 467 2647 ubi
492 2607 668 2651 ‘Enniam
701 2607 841 2663 φωνήν
866 2611 1052 2661 pluribus
1091 2609 1445 2657 confirmavimus,
1474 2616 1518 2647 et

51 2659 140 2698 aliis
168 2664 287 2702 etiam
317 2678 464 2715 augere
492 2678 723 2716 possemus,
755 2674 801 2704 ut
831 2680 882 2704 ex
915 2667 1088 2705 Hesiod.
1124 2661 1238 2718 Ἐργ.
1273 2678 1362 2714 ¹91·
1393 2661 1518 2717 ὕβριν

51 2711 281 2769 οἷνίρα”εῐο.
342 2721 421 2759 Sed
454 2719 538 2760 vid.
569 2721 846 2774 Appendicem
878 2721 928 2760 de
956 2721 1130 2772 Syntaxi
1159 2723 1328 2759 Aretaei
1367 2721 1408 2759 iu
1437 2721 1515 2759 Ed.

50 2771 277 2813 Boerlzam·
313 2790 352 2830 p.
400 2779 493 2817 353.
532 2779 572 2819 b.
630 2779 687 2818 At
722 2779 851 2818 multo
890 2779 1024 2817 minus
1062 2777 1112 2818 de
1153 2777 1263 2817 tibiis
1304 2777 1347 2816 in
1393 2777 1516 2816 sacris
