1788 3209
81 337 162 380 Pag.
183 338 238 381 76.
259 345 339 371 text.
368 339 392 370 l.
411 335 442 372 5.
471 348 534 380 pro
558 334 752 380 ἆμφΐβολον
778 335 847 377 leg.
873 332 959 379 ἀμφ.

79 394 162 437 Pag.
184 406 236 437 77.
263 402 345 428 text.
375 394 397 428 l.
421 404 475 425 11.
499 404 563 436 pro
593 394 652 429 ἕως
679 393 747 434 leg.
771 390 841 428 ἕως.

77 449 161 492 Pag.
183 451 237 493 78.
262 459 343 484 text.
370 451 396 485 l.
419 461 471 484 10.
498 460 561 493 pro
586 445 702 481 οὐκέθ’
730 449 800 490 leg.
825 442 958 482 σῦκέθ·’.

78 507 166 541 Ead.
193 507 291 539 Vers-
319 508 386 542 col.
408 518 438 541 1.
469 508 492 541 l.
514 516 545 540 2.
572 517 635 548 pro
655 506 801 550 pler-are
825 506 896 546 leg.
917 503 1082 548 plorare.

10 567 11 570 ’
74 564 156 606 Pag.
180 575 234 607 79.
261 565 357 597 Vers.
383 565 452 596 col.
473 574 502 594 1.
529 564 552 597 1.
573 561 604 594 5.
629 574 691 605 pro
717 562 833 594 aedas
857 563 924 603 leg.
951 562 1074 596 aedes.

73 621 162 653 Ead.
185 621 273 655 ibid.
298 622 324 654 l.
350 622 484 665 penult.
510 632 573 663 pro
595 619 821 664 vac-nefasta
845 619 913 661 leg.
941 619 1176 664 vacuefacta.

73 680 156 721 Pag.
174 678 230 710 85.
254 679 354 713 Vers.
382 679 450 710 col.
468 688 499 711 2.
527 678 552 708 1.
571 676 603 709 5.
629 687 692 719 pro
707 675 855 719 [rastra
880 677 950 718 leg.
976 677 1111 714 frusta.

71 734 153 777 Pag.
175 735 229 767 86.
254 736 351 769 Vers.
379 735 448 766 col.
469 744 501 765 2.
524 734 549 765 1.
569 734 600 768 6,
625 742 702 776 post
722 739 810 765 sunt
834 733 913 765 dele
937 745 1088 765 comma.

70 792 159 827 Ead.
183 792 271 824 ibid.
295 792 318 825 l.
341 792 402 825 ult.
426 802 490 833 pro
503 790 656 835 frustra
679 793 808 823 iterum
831 792 908 834 lege
924 790 1072 836 fra-sta.

71 849 155 891 Pag,
179 854 233 893 257.
262 857 342 880 text.
369 849 394 879 l.
417 849 450 881 5.
481 860 544 890 pro
572 849 612 880 ἕω
638 849 705 890 leg.
732 847 784 882 ἕω.

70 906 153 949 Png.
172 918 191 950 9
207 919 225 941 1.
255 914 334 940 text.
361 906 387 936 l.
406 915 437 947 9.
463 917 526 947 pro
551 906 676 937 ἕκαστα
699 906 770 947 leg.
792 904 928 940 ἕκαστα.

69 964 152 1004 Pag.
170 973 225 1007 9¹·
254 962 351 997 Vers.
378 963 447 996 col.
470 973 501 996 2.
530 963 554 994 1.
575 974 607 1006 9.
635 974 698 1005 pro
722 974 792 994 sua
819 964 891 1004 leg,
919 968 996 994 tua.

68 1019 151 1062 Pag.
175 1019 228 1062 93.
256 1027 339 1052 text.
366 1019 391 1052 l.
416 1020 550 1061 penult.
582 1030 646 1061 pro
670 1018 854 1061 εἷςγιέσθαι
877 1021 944 1061 leg.
970 1015 1166 1063 εἰργάσθαι.

67 1076 150 1118 Pag.
168 1077 222 1120 94.
243 1076 338 1109 Vers.
361 1076 428 1108 col.
448 1087 480 1110 2.
508 1077 532 1107 l.
555 1085 581 1110 1.
605 1088 667 1118 pro
688 1078 947 1122 perigrinatur
971 1076 1038 1117 leg.
1061 1073 1340 1119 peregrinatur.

67 1135 150 1175 Pag.
173 1144 227 1176 97.
255 1132 355 1164 Vers.
381 1133 447 1165 col.
467 1142 499 1164 2.
521 1133 545 1164 l.
565 1134 630 1175 ult,
657 1144 722 1174 pro
747 1135 925 1166 victorum
950 1133 1018 1175 leg.
1045 1132 1260 1164 vinctorum.

65 1191 150 1232 Pag.
166 1189 221 1233 98.
245 1197 325 1223 text,
351 1189 374 1222 l.
396 1201 427 1232 7.
450 1201 514 1231 pro
539 1187 650 1221 αὑτὸν
668 1191 704 1221 in
729 1190 850 1224 Reitz.
876 1189 943 1224 Ed.
969 1191 1062 1222 male
1087 1183 1193 1221 αὗτὸν
1217 1187 1408 1230 legebatur.

64 1246 152 1278 Ead.
177 1244 266 1278 ibid.
290 1246 314 1279 l.
337 1256 389 1279 10.
420 1258 483 1288 pro
503 1246 629 1278 ἕκαστα
654 1247 723 1289 leg.
753 1246 892 1283 ἕκαστα.

64 1304 149 1345 Pag,
171 1314 244 1335 100.
269 1310 350 1336 text.
372 1303 395 1336 1.
417 1303 449 1336 5.
477 1314 540 1344 pro
567 1302 612 1338 ὣς
635 1305 704 1345 leg.
732 1302 787 1341 ὥς.

62 1359 145 1401 Pag.
169 1359 243 1392 103.
271 1367 350 1392 text.
376 1359 401 1390 l.
420 1370 451 1402 7.
476 1352 540 1401 prb
564 1354 702 1403 ἇφίηοιν
725 1361 794 1403 leg.
821 1359 978 1406 ἀφίησιν.

63 1416 152 1451 Ead,
180 1415 268 1450 ibid.
297 1417 321 1448 1.
345 1427 398 1447 12.
422 1428 464 1459 pr
489 1416 520 1448 εῖ
539 1417 610 1458 leg.
634 1418 674 1451 εἴ.

61 1473 147 1516 Pag.
171 1472 247 1505 104.
267 1480 348 1507 text.
374 1474 400 1508 1.
421 1473 454 1506 5.
478 1484 541 1515 pro
561 1475 660 1519 1922‘359
686 1475 756 1516 leg.
782 1473 894 1515 θείης.

61 1530 146 1573 Pag.
167 1529 242 1563 108.
267 1538 349 1562 text.
372 1531 399 1562 1.
415 1529 447 1562 8.
473 1542 537 1575 pro
562 1531 670 1567 ποιεῖς
698 1532 767 1573 leg.
791 1535 909 1566 ποιεῖς.

61 1588 146 1630 Pag.
169 1599 241 1622 112.
268 1596 352 1621 text.
381 1588 406 1618 1.
427 1587 459 1621 5.
488 1598 551 1630 pro
579 1583 615 1619 εὗ
640 1588 710 1630 leg.
737 1589 775 1622 εἰ.

60 1645 149 1680 Ead.
177 1645 277 1679 Varr.
303 1645 414 1678 Lectt.
446 1645 470 1676 l.
492 1655 522 1676 1.
544 1656 663 1676 voces:
691 1651 730 1676 et
753 1644 852 1677 Gorl.
876 1645 1014 1677 uncinis
1039 1642 1192 1676 include.

58 1705 141 1744 Pag.
164 1700 239 1734 116.
264 1710 348 1733 text.
373 1703 398 1732 1.
416 1701 448 1734 4.
471 1702 602 1745 χρυσᾶς
621 1713 659 1733 τε
679 1701 758 1744 (pro
779 1709 832 1746 γε)
859 1704 1012 1745 praefert
1032 1698 1214 1733 Fritzsclz.
1237 1700 1260 1733 Ι.
1276 1700 1297 1732 Ι.
1320 1711 1353 1741 p.
1371 1699 1443 1731 125.

58 1759 146 1793 Ead.
163 1758 251 1792 ibid.
282 1759 306 1793 1,
325 1757 357 1792 6.
384 1769 447 1801 pro
473 1755 572 1794 οὗτος
596 1760 666 1800 leg.
692 1758 810 1794 οὕτως,

58 1816 148 1850 Ead.
173 1816 274 1849 vers.
301 1816 369 1849 col.
394 1826 422 1849 1.
450 1817 477 1848 l.
499 1827 528 1847 1.
555 1827 619 1858 pro
644 1817 942 1859 Bosporanarum
966 1814 1035 1856 leg.
1063 1815 1369 1857 Bo-sporanoram.

56 1871 141 1914 Pag.
166 1883 241 1915 119.
266 1880 348 1903 text.
375 1873 400 1905 l.
421 1883 453 1916 9.
480 1884 544 1914 pro
567 1872 677 1915 agnda
702 1873 770 1913 leg.
800 1871 920 1916 κέρδει,

58 1929 140 1970 Pag.
166 1939 243 1961 120.
265 1936 349 1960 text.
374 1929 398 1962 l.
423 1939 475 1961 10.
495 1940 560 1971 pro
582 1928 720 1966 Σκύδας
743 1931 814 1971 leg.
839 1927 1000 1965 Σκύθας.

56 1986 140 2027 Pag.
163 1996 235 2019 121.
264 1993 347 2019 text.
376 1987 402 2016 l.
421 1996 454 2017 2.
476 1997 541 2028 pro
567 1983 606 2017 ὅν
630 1987 702 2027 leg.
724 1985 774 2017 ὅν.

56 2041 143 2076 Ead.
168 2041 254 2076 ibid.
283 2042 307 2075 l.
329 2052 360 2085 9.
386 2053 450 2084 pro
478 2043 700 2074 καταλελοίηε
724 2043 794 2084 leg.
819 2041 1065 2074 κατοιήελοίπει.

56 2099 139 2141 Pag.
163 2099 237 2131 125.
262 2106 344 2132 text.
372 2099 397 2132 l.
417 2100 482 2130 ult.
507 2110 570 2142 pro
596 2096 663 2140 οἴδα
687 2100 758 2140 leg.
779 2096 855 2140 ἤδη.

55 2155 140 2197 Pag.
163 2165 238 2198 127.
263 2154 364 2187 Varr.
391 2155 502 2189 Lectt.
530 2157 556 2187 1.
579 2166 611 2187 2.
635 2167 698 2198 pro
729 2154 818 2188 Ταῦ.
843 2156 912 2196 leg.
943 2155 1026 2185 Tul.

56 2212 139 2254 Pag.
167 2212 242 2246 128.
271 2218 353 2246 text.
380 2212 406 2245 1.
430 2223 459 2247 1.
485 2224 550 2255 pro
574 2215 659 2254 γοῦν
683 2214 818 2245 mavult
843 2211 1028 2243 Fritzsclz.
1051 2211 1074 2244 1.
1098 2211 1121 2244 l.
1145 2221 1178 2251 p.
1207 2221 1278 2253 191,
1317 2209 1351 2241 δ’
1372 2206 1440 2242 οὖν.

54 2268 137 2310 Pag.
163 2268 239 2303 130.
265 2276 346 2301 text.
373 2269 397 2299 l.
422 2280 449 2302 1.
476 2281 539 2312 pro
568 2271 723 2310 Ζιοίννης
742 2271 812 2311 leg.
837 2270 1004 2309 Σισίννης.

54 2325 141 2367 Pag,
167 2326 239 2357 131.
263 2334 347 2357 text.
371 2326 395 2357 1.
416 2337 467 2357 12.
489 2338 551 2369 pro
575 2325 665 2358 ὅπλα
690 2328 758 2368 leg.
786 2325 888 2359 ὅπλα.

56 2382 135 2423 Pag.
162 2381 236 2414 156.
262 2390 342 2414 text.
368 2384 392 2412 1.
416 2394 440 2416 1.
468 2395 531 2425 pro
558 2383 691 2420 κύλικος
717 2385 786 2425 leg.
809 2383 954 2418 κύλικος.

55 2437 143 2471 Ead.
173 2437 261 2470 ibid.
286 2440 309 2472 1.
332 2438 362 2472 6.
390 2448 467 2482 post
494 2441 572 2472 ἴσθι
599 2452 689 2482 poue
717 2452 877 2478 comma,
903 2440 1018 2472 deleto
1043 2441 1134 2474 colo.

55 2495 138 2536 Pag.
162 2495 235 2538 137.
260 2503 342 2527 text.
367 2496 390 2529 1.
411 2498 444 2538 7.
467 2507 531 2538 pro
557 2494 647 2539 κᾲγὼ
668 2499 737 2539 leg.
763 2494 866 2540 κᾷγώ.
1055 2489 1067 2507 '

53 2551 143 2584 Ead.
170 2551 270 2586 Varr,
295 2553 403 2584 Lectt.
428 2554 451 2586 l.
485 2553 517 2587 5.
546 2563 624 2595 post
650 2556 845 2589 Θετταλοὺς
872 2565 964 2597 pone
991 2553 1165 2596 siguum]-

54 2609 136 2650 Pag.
157 2608 231 2642 145.
257 2615 341 2642 text.
372 2609 397 2639 l.
419 2620 446 2643 1.
472 2621 535 2652 pro
560 2613 633 2642 ΙΙοῖ
663 2610 845 2644 Frilzsclz,
880 2611 905 2644 l.
932 2612 955 2644 1.
981 2623 1016 2654 p.
1037 2622 1113 2654 ¹9²·
1140 2612 1208 2651 legi
1233 2609 1329 2653 jubet
1352 2611 1440 2642 Ποῦ.

331 2667 376 2698 At
398 2665 467 2700 vid.
495 2665 626 2698 Adnot.
653 2668 756 2702 Toni.
786 2667 828 2710 ej.
845 2680 880 2709 p.
901 2668 980 2712 507.

57 2723 140 2766 Pag.
166 2721 242 2755 144.
263 2722 365 2756 Varr.
381 2723 493 2756 Lectt.
522 2724 546 2755 l.
569 2723 603 2755 4.
628 2737 690 2768 pro
717 2736 748 2759 2.
772 2726 842 2766 185.
868 2735 921 2768 72.
