1788 3209
218 215 318 265 482
572 219 1347 256 ADNOTATIONES

217 342 422 386 scctione;
447 339 528 389 jam
558 339 720 386 poter-at
760 345 847 370 esse
876 337 1096 381 occupatus
1137 330 1178 366 iu
1210 328 1360 367 reditu.
1420 330 1504 368 Sex
1530 345 1694 378 menses

214 399 328 436 enim
361 394 457 432 satis
485 404 690 442 Superque
717 388 804 437 his,
832 401 933 438 quae
964 387 1015 425 de
1043 384 1261 436 Antiphilo
1290 386 1371 435 jam
1401 388 1695 438 narrabuntur,

215 452 434 491 sufiiciunt.
493 447 622 485 Recte
645 445 771 496 igitur
800 444 970 481 culvefso
1000 443 1104 480 Nilo
1131 442 1313 479 servavit
1353 441 1474 480 etiam
1504 443 1693 481 Solanas.

219 510 358 547 GflsN.

325 561 435 600 Ead,
454 561 486 598 1.
514 556 576 598 14-
601 552 832 609 Κηρύκιον)
858 553 1047 591 Sic-libri
1069 566 1231 600 omnes;
1257 552 1397 590 forsan
1428 551 1564 592 tamen
1585 553 1717 592 aliud·

216 618 316 673 quid
355 617 431 656 sub
469 615 546 653 hac
584 627 686 652 voce
719 613 840 655 latet,
881 609 991 661 quod
1029 609 1117 646 sine
1148 608 1278 647 Codd.
1316 610 1416 648 Mss.
1443 623 1521 659 ope
1550 623 1695 647 eruere

213 690 301 725 ¹non
329 686 504 726 possum.
534 670 691 709 SOLAN.
749 665 930 719 Κρίκον,
960 664 1071 717 quod
1099 664 1202 704 Cod.
1231 665 1355 717 2955.
1387 663 1582 712 exhibet,
1612 678 1695 703 non

216 731 386 770 omnino
415 726 580 780 quidem
606 725 862 763 incommoda
891 722 1025 759 lectio.
1085 721 1242 758 Verum
1272 720 1436 770 vulgata
1472 721 1574 758 citra
1602 735 1697 758 om-

214 801 311 827 nem
351 784 627 833 suspicionem
665 780 840 831 genuina
883 783 966 824 est3
1007 776 1128 814 modo
1170 775 1370 825 intelligas
1399 789 1493 813 cum
1519 776 1694 814 Erasmo

218 849 263 883 et
294 839 564 882 lVielandio,
597 838 847 881 caduceum,
873 834 1053 871 Hermae
1084 832 1341 880 Graecorum
1363 831 1600 883 proprium,
1629 837 1698 869 at·-

218 913 299 951 que
337 897 438 935 adeo
474 893 659 932 Anubidi
697 904 879 943 quoque,
906 888 1204 939 Aegyptiorum
1231 888 1434 936 Hermae,
1470 888 1560 939 jure
1588 900 1696 939 quo-

220 956 313 993 dam
342 953 560 991 tributum.
580 950 729 987 Lunx.

214 1045 218 1050 ,
333 1008 440 1046 Ead.
471 1008 499 1044 l.
531 1005 597 1045 16.
627 999 929 1055 Ἐμπεσόντες)
961 1001 1145 1039 Jnsserat
1178 999 1223 1037 in
1260 1012 1386 1051 marg.
1425 998 1569 1041 Solan.
1595 1012 1698 1038 con-

216 1065 323 1106 ferri
350 1063 460 1102 infra
485 1062 558 1100 Bis
579 1060 725 1099 Aecus.
753 1056 791 1110 §.
819 1059 856 1096 5.
910 1057 972 1094 lbi
998 1056 1206 1105 invenias,
1245 1052 1290 1103 ὃς
1331 1054 1590 1107 namanes&
1614 1055 1699 1102 τοῖς

217 1124 382 1168 ἕνδεκα,
422 1119 493 1159 καῖ
529 1118 571 1164 ἐς
608 1111 654 1157 τό
693 1110 974 1166 δεσμωτήριον
1009 1106 1206 1164 ἐμπεσών.
1268 1111 1349 1149 Sed
1381 1112 1601 1161 ἐμπίπτειν
1640 1113 1699 1158 εἰς

218 1171 316 1219 τινά
341 1181 402 1213 est
431 1177 583 1212 irruere
611 1175 659 1209 in.
693 1173 897 1221 aliquem,
939 1168 1147 1206 invadere.
1207 1168 1340 1218 Supra
1375 1168 1485 1207 Tim.
1515 1181 1603 1218 cap.
1631 1168 1698 1206 23.

220 1240 264 1272 et
285 1233 446 1284 passim.
475 1231 609 1279 Long.
637 1227 748 1264 Past.
778 1226 833 1267 ΙΙ.
869 1239 908 1276 p.
941 1226 1004 1272 78.
1030 1219 1154 1270 λύκος
1182 1218 1391 1275 ἐμπεσών,
1429 1221 1481 1261 de
1508 1223 1607 1274 lupo
1635 1223 1697 1261 ir-

218 1294 364 1328 ruente
391 1287 436 1324 in
466 1297 644 1335 gregem.
700 1282 758 1319 At
800 1280 989 1331 opposito
1022 1292 1143 1316 sensu
1176 1294 1249 1329 pro
1283 1279 1466 1317 incidere
1491 1279 1536 1316 in
1565 1292 1699 1329 quem,

220 1344 336 1397 quasi
374 1342 419 1380 iu
450 1347 563 1389 rete,
600 1339 754 1377 Noster
790 1337 898 1375 Tim.
945 1333 987 1388 §.
1023 1333 1090 1374 25.
1149 1334 1238 1372 Nec
1277 1348 1361 1372 non
1397 1348 1474 1385 pro
1504 1334 1700 1384 incidere,

220 1401 388 1438 obviam
424 1395 591 1439 venit-ej
627 1395 766 1444 Long.
808 1391 914 1430 Past.
955 1392 986 1429 I.
1027 1403 1115 1441 pag.
1155 1390 1223 1430 25.
1261 1386 1330 1443 (al.
1369 1387 1450 1439 18.)
1490 1385 1520 1439 ἦ
1545 1389 1701 1441 μὲν...

219 1451 439 1496 ἐπανθοῦν
472 1450 662 1492 ἐνέπιπτε
689 1447 738 1490 τό
777 1445 943 1497 κάλλος,
970 1447 1041 1488 καὶ
1067 1442 1246 1495 ἐτήκετο.
1312 1445 1397 1483 Ubi
1425 1445 1537 1483 sorte
1566 1452 1700 1484 tamen

215 1508 283 1552 ἐπ’
322 1506 483 1551 ἇνθοῧν
525 1507 733 1545 discretim
772 1503 1054 1552 scribendum,
1100 1502 1174 1541 sed
1207 1501 1359 1553 legitur
1395 1499 1616 1543 ἐπανθοῦν
1656 1503 1700 1540 in

221 1568 379 1614 tribus,
410 1578 507 1616 quas
536 1563 746 1609 consului,
772 1560 878 1598 Edd.
902 1561 1050 1597 Rffl'sz.

332 1625 446 1672 Pag.
474 1633 540 1670 90.
564 1619 591 1657 l.
629 1632 666 1659 1.
694 1611 1067 1669 Ἀπεμπολοῦντες)
1097 1615 1188 1653 Etsi
1209 1614 1385 1665 simplex
1403 1610 1544 1654 πωλέω
1570 1613 1700 1651 vendo

219 1678 396 1732 primam
426 1676 550 1714 habet
583 1676 771 1725 longam,
812 1673 987 1724 ideoque
1027 1672 1237 1721 suspicor,
1275 1671 1414 1708 verius
1453 1670 1503 1707 ad
1533 1675 1701 1720 etymon

221 1734 416 1772 accedere
443 1734 686 1782 scripturam
716 1730 795 1769 Ed.
823 1732 927 1767 Par.
956 1741 1058 1779 quae
1084 1724 1295 1778 άπεμπωλ.
1325 1726 1459 1774 dedit3
1496 1732 1630 1763 tamen
1650 1725 1701 1763 ab

223 1805 271 1829 ea
297 1789 466 1835 recessi,
503 1801 587 1825 non
628 1786 750 1823 modo
790 1785 884 1836 quia
922 1790 1017 1823 cett,
1047 1783 1150 1820 Edd.
1180 1782 1402 1830 recedunt,
1443 1782 1514 1820 sed
1541 1782 1635 1833 quia
1661 1787 1703 1819 et

222 1846 322 1884 alibi
351 1844 458 1882 adud
488 1845 689 1881 Nostrum
708 1841 887 1890 aliosque
912 1838 1048 1876 media
1070 1844 1260 1889 correpta
1285 1839 1482 1876 scribitur
1510 1843 1702 1876 constan-

223 1908 312 1950 ter3
339 1908 385 1938 ut
411 1913 534 1951 supra
562 1898 614 1936 de
651 1895 836 1934 BIerced.
875 1894 992 1932 cond.
1024 1908 1111 1945 cap.
1139 1895 1204 1932 23.
1234 1907 1297 1943 pr,
1328 1907 1362 1932 c.
1396 1895 1460 1930 24.
1490 1906 1600 1932 vers.
1631 1892 1699 1933 54.

223 1958 332 1996 Item
362 1955 555 2006 Alciplzr,
595 1953 670 1991 III.
709 1954 791 2002 Ep.
829 1951 865 1991 5.
895 1964 938 2001 p.
975 1951 1069 1988 280.
1101 1950 1157 1986 Et
1185 1949 1274 1990 eod.
1304 1949 1377 1987 lib.
1407 1949 1487 2000 Ep.
1515 1948 1583 1989 46.
1610 1961 1701 1999 pag.

225 2013 322 2063 376.
373 2012 428 2049 Ut
467 2011 545 2048 alia
585 2008 821 2046 testimonia
868 2006 1082 2044 brevitatis
1129 2018 1224 2055 erga
1263 2005 1460 2042 omittam.
1526 2003 1702 2043 Veniam

224 2071 352 2120 igitur
391 2082 463 2105 oro
501 2067 653 2104 erroris
691 2065 735 2102 in
775 2063 924 2101 Piscat.
966 2075 999 2099 c.
1031 2074 1096 2109 27.
1124 2061 1271 2111 supine
1300 2060 1487 2108 adinissi3
1517 2059 1704 2111 quando-

225 2124 391 2177 quidem
419 2123 479 2160 ibi
507 2123 738 2160 Pari-sinae
766 2117 969 2156 Editionis
997 2115 1358 2167 orthographiam,
1395 2112 1703 2168 ἅπημπώλησεν

225 2180 359 2219 media
409 2179 531 2230 longa
572 2176 826 2223 exhibentis,
863 2187 950 2211 sum
992 2179 1178 2216 secutus,
1208 2171 1330 2219 ,dum
1369 2178 1408 2209 et
1446 2172 1506 2210 ibi
1543 2178 1705 2210 ceterae

223 2242 337 2276 recte
365 2235 534 2273 brevem
573 2232 799 2278 haberent,
834 2244 931 2282 quas
974 2235 1106 2269 tamen
1138 2228 1232 2266 ideo
1271 2228 1500 2265 accuratius
1540 2228 1704 2279 perspi-

225 2306 318 2330 cere
347 2290 531 2342 neglexi⁷
562 2288 672 2341 quod
702 2293 894 2337 corrupte
923 2281 1162 2337 οἷμπημπολ.
1188 2283 1402 2323 haberent.
1455 2283 1512 2320 At
1538 2282 1619 2321 hoc
1638 2284 1703 2322 le-

225 2349 316 2386 vius
344 2353 429 2394 est,
461 2359 581 2398 quam
608 2343 718 2397 quod
747 2342 846 2380 ibid.
883 2341 1012 2381 Codd.
1046 2353 1209 2392 quoque
1246 2340 1288 2377 in
1331 2345 1428 2377 nota
1456 2339 1606 2377 Solam·
1634 2338 1702 2377 di-

225 2409 372 2441 cantur
397 2403 455 2439 ita
484 2400 682 2439 exhibere
712 2397 887 2436 mediam
917 2397 1106 2446 longam3
1137 2394 1246 2461 quod
1276 2408 1373 2445 ego,
1405 2407 1488 2433 non
1514 2394 1607 2432 satis
1631 2394 1703 2432 in-
1760 2443 1763 2451 1

225 2460 430 2508 vestigans
458 2457 738 2494 confusiorem
774 2460 964 2491 notarum
999 2453 1172 2490 istarum
1207 2452 1480 2501 scripturam,
1522 2450 1701 2488 arbitra-

226 2515 300 2553 bar
329 2516 387 2552 ita
415 2527 514 2561 esse.
571 2513 659 2550 Jam
687 2524 787 2548 vero
815 2510 891 2546 ista
916 2520 1233 2558 recognoscenS,
1263 2513 1304 2543 et
1333 2506 1382 2544 ad
1420 2506 1618 2555 margines
1644 2506 1702 2544 li-

224 2571 397 2609 brorum
429 2574 666 2615 revertens,
703 2567 747 2603 in
774 2561 935 2616 'quibus
975 2564 1211 2601 collationes
1241 2562 1439 2600 Codicum
1472 2566 1568 2599 sunt
1594 2575 1700 2600 con-

226 2627 433 2676 signatae,
461 2624 626 2663 invenio
652 2623 698 2660 in
724 2620 787 2657 his
818 2626 1003 2658 accurate
1023 2625 1221 2662 notatum,
1245 2618 1342 2655 RIss.
1376 2616 1428 2659 O,
1452 2618 1497 2654 P.
1523 2615 1575 2657 L.
1607 2631 1702 2655 om-

224 2682 322 2719 nino
348 2680 499 2718 habere
526 2673 842 2731 ἀπημπόλησεν,
873 2690 1000 2728 aeque
1028 2689 1073 2712 ac
1112 2675 1156 2713 in
1193 2674 1339 2711 ceteris
1372 2674 1560 2710 Luciam?
1600 2673 1702 2710 locis

224 2736 346 2775 modo
374 2736 579 2788 adlegatis.
633 2735 758 2773 Plura
788 2732 912 2783 igitur
947 2745 1001 2770 ex
1038 2730 1126 2770 aliis
1164 2729 1400 2768 auctoribus
1428 2742 1510 2767 non
1538 2727 1699 2781 addam,
